75600000         205508563000109                    04033000000000937180CONTAL PROCESSAMENTO DE DADOS SICOOB                                  22705201509112800000208500000                                                                     
75600011T01  043 2005508563000109          403300000304033000000000937180CONTAL PROCESSAMENTO DE DADOS                                                                                 000000002705201500000000                                 
7560001300001T 0604033000000000937180000004809701021     1               29062015000000000000150756040330                         091000000000000000                                        00000000000000000000001450000000003                 
7560001300002U 060000000000000000000000000000000000000000000000000000000000000000000000001500000000000001500000000000000000000000000000002605201526052015    00000000000000000000000                              75600000000000000000000       
75600015         00000400000000000000000000000000000000000000000000000000000000000000000000000000000000000000000000                                                                                                                             
75699999         000001000006000000                                                                                                                                                                                                             
