02RETORNO01COBRANÇA       40330000067920093718CONTAL PROCESSAMENTO DE DADOS 756 - BANCOOB S/A 0309150000028                                                                                                                                                                                                                                                                                               000001
1020550856300010940330000093718000000                         000000060210010000000OU00000000000000000000 0205020915189                           050915000000001500010401430010209150000000000000000000000000000000000000000000000000000000000000000000000000000000015000000000000000000000000000000000000000000000000000000010000000000000          0000510233465400000000000000000000000000000000000000000002
1020550856300010940330000093718000000                         000000059951010000000OU00000000000000000000 0205020915163                           050915000000002869500102740010209150000000000000000000000000000000000000000000000000000000000000000000000000000000028695000000000000000000000000000000000000000000000000000010000000000000          1986741800012900000000000000000000000000000000000000000003
1020550856300010940330000093718000000                         000000059722010000000OU00000000000000000000 0205020915140                           050915000000000770000102740010209150000000000000000000000000000000000000000000000000000000000000000000000000000000007700000000000000000000000000000000000000000000000000000010000000000000          2177263400013200000000000000000000000000000000000000000004
1020550856300010940330000093718000000                         000000059629010000000OU00000000000000000000 0205020915130                           050915000000003898010401430010209150000000000000000000000000000000000000000000000000000000000000000000000000000000038980000000000000000000000000000000000000000000000000000010000000000000          1044139600016600000000000000000000000000000000000000000005
1020550856300010940330000093718000000                         000000059080010000000OU00000000000000000000 020502091576                            050915000000002780000102740010209150000000000000000000000000000000000000000000000000000000000000000000000000000000027800000000000000000000000000000000000000000000000000000010000000000000          0555004800019700000000000000000000000000000000000000000006
1020550856300010940330000093718000000                         000000058713010000000OU00000000000000000000 020502091539                            050915000000012295400102740010209150000000000000000000000000000000000000000000000000000000000000000000000000000000122954000000000000000000000000000000000000000000000000000010000000000000          0833872000017300000000000000000000000000000000000000000007
1020550856300010940330000093718000000                         000000058516010000000OU00000000000000000000 020502091519                            100915000000002065023718920010209150000000000000000000000000000000000000000000000000000000000000000000000000000000020650000000000000000000000000000000000000000000000000000010000000000000          1558210100019500000000000000000000000000000000000000000008
9027564033SICOOB CREDICOPA         AVENIDA RUI BARBOSA                               CENTRO                        38740000PATROCÍNIO                    MG030920150000000700000004700                                                                                                                                                                                                                    000009
