02RETORNO01COBRANÇA       40330000067920093718CONTAL PROCESSAMENTO DE DADOS 756 - BANCOOB S/A 0409150000029                                                                                                                                                                                                                                                                                               000001
1020550856300010940330000093718000000                         000000058562010000000OU00000000000000000000 020503091524                            050915000000003515000102740010309150000000000000000000000000000000000000000000000000000000000000000000000000000000035150000000000000000000000000000000000000000000000000000010000000000000          0547824400010600000000000000000000000000000000000000000002
1020550856300010940330000093718000000                         000000059034010000000OU00000000000000000000 020503091571                            050915000000004308200102740010309150000000000000000000000000000000000000000000000000000000000000000000000000000000043082000000000000000000000000000000000000000000000000000010000000000000          0425159700010600000000000000000000000000000000000000000003
1020550856300010940330000093718000000                         000000059540010000000OU00000000000000000000 0205030915122                           050915000000000883010401430010309150000000000000000000000000000000000000000000000000000000000000000000000000000000008830000000000000000000000000000000000000000000000000000010000000000000          0001918678960000000000000000000000000000000000000000000004
1020550856300010940330000093718000000                         000000059668010000000OU00000000000000000000 0205030915134                           150915000000000883034114750010309150000000000000000000000000000000000000000000000000000000000000000000000000000000008830000000000000000000000000000000000000000000000000000010000000000000          1465806700012200000000000000000000000000000000000000000005
1020550856300010940330000093718000000                         000000059708010000000OU00000000000000000000 0205030915138                           050915000000000941510401430010309150000000000000000000000000000000000000000000000000000000000000000000000000000000009415000000000000000000000000000000000000000000000000000010000000000000          0000504886665700000000000000000000000000000000000000000006
1020550856300010940330000093718000000                         000000059715010000000OU00000000000000000000 0205030915139                           050915000000001150023718920010309150000000000000000000000000000000000000000000000000000000000000000000000000000000011500000000000000000000000000000000000000000000000000000010000000000000          0000070430667000000000000000000000000000000000000000000007
1020550856300010940330000093718000000                         000000059819010000000OU00000000000000000000 0205030915149                           100915000000004618175631550010309150000000000000000000000000000000000000000000000000000000000000000000000000000000046181000000000000000000000000000000000000000000000000000010000000000000          0869885500014000000000000000000000000000000000000000000008
1020550856300010940330000093718000000                         000000060194010000000OU00000000000000000000 0205030915187                           050915000000000883010401430010309150000000000000000000000000000000000000000000000000000000000000000000000000000000008830000000000000000000000000000000000000000000000000000010000000000000          0000729828964000000000000000000000000000000000000000000009
1020550856300010940330000093718000000                         000000060259010000000OU00000000000000000000 0205030915193                           050915000000000512023718920010309150000000000000000000000000000000000000000000000000000000000000000000000000000000005120000000000000000000000000000000000000000000000000000010000000000000          0004913062565300000000000000000000000000000000000000000010
1020550856300010940330000093718000000                         000000060360010000000OU00000000000000000000 02050309151                             050915000000002500010401430010309150000000000000000000000000000000000000000000000000000000000000000000000000000000025000000000000000000000000000000000000000000000000000000010000000000000          1152408100014500000000000000000000000000000000000000000011
9027564033SICOOB CREDICOPA         AVENIDA RUI BARBOSA                               CENTRO                        38740000PATROCÍNIO                    MG040920150000001000000004700                                                                                                                                                                                                                    000012
