02RETORNO01COBRANÇA       40330000067920093718CONTAL PROCESSAMENTO DE DADOS 756 - BANCOOB S/A 0508150000021                                                                                                                                                                                                                                                                                               000001
1020550856300010940330000093718000000                         000000055930010000000OU00000000000000000000 0205040815168                           050815000000000883010401430010408150000000000000000000000000000000000000000000000000000000000000000000000000000000008830000000000000000000000000000000000000000000000000000010000000000000          0005069414666800000000000000000000000000000000000000000002
1020550856300010940330000093718000000                         000000055843010000000OU00000000000000000000 0205040815159                           050815000000002869500102740010408150000000000000000000000000000000000000000000000000000000000000000000000000000000028695000000000000000000000000000000000000000000000000000010000000000000          1986741800012900000000000000000000000000000000000000000003
1020550856300010940330000093718000000                         000000055528010000000OU00000000000000000000 0205040815127                           050815000000003765000102740010408150000000000000000000000000000000000000000000000000000000000000000000000000000000037650000000000000000000000000000000000000000000000000000010000000000000          1044139600016600000000000000000000000000000000000000000004
1020550856300010940330000093718000000                         000000055360010000000OU00000000000000000000 0205040815111                           050815000000000770010401430010408150000000000000000000000000000000000000000000000000000000000000000000000000000000007700000000000000000000000000000000000000000000000000000010000000000000          2210949800016800000000000000000000000000000000000000000005
1020550856300010940330000093718000000                         000000055187010000000OU00000000000000000000 020504081593                            050815000000000770010401430010408150000000000000000000000000000000000000000000000000000000000000000000000000000000007700000000000000000000000000000000000000000000000000000010000000000000          1482074700010900000000000000000000000000000000000000000006
1020550856300010940330000093718000000                         000000055069010000000OU00000000000000000000 020504081581                            050815000000005670775631550010408150000000000000000000000000000000000000000000000000000000000000000000000000000000056707000000000000000000000000000000000000000000000000000010000000000000          1787862500015300000000000000000000000000000000000000000007
1020550856300010940330000093718000000                         000000054690010000000OU00000000000000000000 020504081544                            050815000000003165010401430010408150000000000000000000000000000000000000000000000000000000000000000000000000000000031650000000000000000000000000000000000000000000000000000010000000000000          1152408100014500000000000000000000000000000000000000000008
1020550856300010940330000093718000000                         000000054605010000000OU00000000000000000000 020504081535                            050815000000000770010401430010408150000000000000000000000000000000000000000000000000000000000000000000000000000000007700000000000000000000000000000000000000000000000000000010000000000000          1675684600019600000000000000000000000000000000000000000009
1020550856300010940330000093718000000                         000000054430010000000OU00000000000000000000 020504081518                            100815000000002644775631550010408150000000000000000000000000000000000000000000000000000000000000000000000000000000026447000000000000000000000000000000000000000000000000000010000000000000          1558210100019500000000000000000000000000000000000000000010
9027564033SICOOB CREDICOPA         AVENIDA RUI BARBOSA                               CENTRO                        38740000PATROCÍNIO                    MG050820150000000900000004700                                                                                                                                                                                                                    000011
