02RETORNO01COBRANÇA       40330000067920093718CONTAL PROCESSAMENTO DE DADOS 756 - BANCOOB S/A 0608150000022                                                                                                                                                                                                                                                                                               000001
1020550856300010940330000093718000000                         000000055259010000000OU00000000000000000000 0205050815100                           050815000000004998075640330010508150000000000000000000000000000000000000000000000000000000000000000000000000000000049980000000000000000000000000000000000000000000000000000010000000000000          2122988200013100000000000000000000000000000000000000000002
1020550856300010940330000093718000000                         000000055280010000000OU00000000000000000000 0205050815103                           050815000000003998000102740010508150000000000000000000000000000000000000000000000000000000000000000000000000000000039980000000000000000000000000000000000000000000000000000010000000000000          1515250000011600000000000000000000000000000000000000000003
1020550856300010940330000093718000000                         000000055345010000000OU00000000000000000000 0205050815109                           050815000000000770010401430010508150000000000000000000000000000000000000000000000000000000000000000000000000000000007700000000000000000000000000000000000000000000000000000010000000000000          1903423800016600000000000000000000000000000000000000000004
1020550856300010940330000093718000000                         000000055352010000000OU00000000000000000000 0205050815110                           050815000000001540010401430010508150000000000000000000000000000000000000000000000000000000000000000000000000000000015400000000000000000000000000000000000000000000000000000010000000000000          2180537400015400000000000000000000000000000000000000000005
1020550856300010940330000093718000000                         000000055384010000000OU00000000000000000000 0205050815113                           050815000000001080010401430010508150000000000000000000000000000000000000000000000000000000000000000000000000000000010800000000000000000000000000000000000000000000000000000010000000000000          0002668301661500000000000000000000000000000000000000000006
1020550856300010940330000093718000000                         000000055449010000000OU00000000000000000000 0205050815119                           050815000000000883010401430010508150000000000000000000000000000000000000000000000000000000000000000000000000000000008830000000000000000000000000000000000000000000000000000010000000000000          0001918678960000000000000000000000000000000000000000000007
1020550856300010940330000093718000000                         000000055510010000000OU00000000000000000000 0205050815126                           050815000000000655003336100010508150000000000000000000000000000000000000000000000000000000000000000000000000000000006550000000000000000000000000000000000000000000000000000010000000000000          1575658300015200000000000000000000000000000000000000000008
1020550856300010940330000093718000000                         000000055599010000000OU00000000000000000000 0205050815134                           050815000000000941534108630010508150000000000000000000000000000000000000000000000000000000000000000000000000000000009415000000000000000000000000000000000000000000000000000010000000000000          0000504886665700000000000000000000000000000000000000000009
1020550856300010940330000093718000000                         000000055607010000000OU00000000000000000000 0205050815135                           050815000000001150023718920010508150000000000000000000000000000000000000000000000000000000000000000000000000000000011500000000000000000000000000000000000000000000000000000010000000000000          0000070430667000000000000000000000000000000000000000000010
1020550856300010940330000093718000000                         000000055653010000000OU00000000000000000000 0205050815140                           050815000000000770010401430010508150000000000000000000000000000000000000000000000000000000000000000000000000000000007700000000000000000000000000000000000000000000000000000010000000000000          1925189900014300000000000000000000000000000000000000000011
1020550856300010940330000093718000000                         000000055660010000000OU00000000000000000000 0205050815141                           050815000000003858510401430010508150000000000000000000000000000000000000000000000000000000000000000000000000000000038585000000000000000000000000000000000000000000000000000010000000000000          0213470000010200000000000000000000000000000000000000000012
1020550856300010940330000093718000000                         000000055811010000000OU00000000000000000000 0205050815156                           050815000000002078575631550010508150000000000000000000000000000000000000000000000000000000000000000000000000000000020785000000000000000000000000000000000000000000000000000010000000000000          1462640500014400000000000000000000000000000000000000000013
1020550856300010940330000093718000000                         000000055829010000000OU00000000000000000000 0205050815157                           050815000000016767523718920010508150000000000000000000000000000000000000000000000000000000000000000000000000000000167675000000000000000000000000000000000000000000000000000010000000000000          0597177900010600000000000000000000000000000000000000000014
1020550856300010940330000093718000000                         000000055836010000000OU00000000000000000000 0205050815158                           050815000000003211075640330010508150000000000000000000000000000000000000000000000000000000000000000000000000000000032110000000000000000000000000000000000000000000000000000010000000000000          2094410900019400000000000000000000000000000000000000000015
1020550856300010940330000093718000000                         000000055868010000000OU00000000000000000000 0205050815161                           050815000000002873534114750010508150000000000000000000000000000000000000000000000000000000000000000000000000000000028735000000000000000000000000000000000000000000000000000010000000000000          2273947200010100000000000000000000000000000000000000000016
1020550856300010940330000093718000000                         000000055882010000000OU00000000000000000000 0205050815163                           050815000000001133075640330010508150000000000000000000000000000000000000000000000000000000000000000000000000000000011330000000000000000000000000000000000000000000000000000010000000000000          0008810016262000000000000000000000000000000000000000000017
1020550856300010940330000093718000000                         000000055890010000000OU00000000000000000000 0205050815164                           050815000000004772000102740010508150000000000000000000000000000000000000000000000000000000000000000000000000000000047720000000000000000000000000000000000000000000000000000010000000000000          0276102000010000000000000000000000000000000000000000000018
1020550856300010940330000093718000000                         000000055979010000000OU00000000000000000000 0205050815172                           050815000000001050010401430010508150000000000000000000000000000000000000000000000000000000000000000000000000000000010500000000000000000000000000000000000000000000000000000010000000000000          1322135700014100000000000000000000000000000000000000000019
1020550856300010940330000093718000000                         000000056046010000000OU00000000000000000000 0205050815179                           050815000000001253510401430010508150000000000000000000000000000000000000000000000000000000000000000000000000000000012535000000000000000000000000000000000000000000000000000010000000000000          1898108900018000000000000000000000000000000000000000000020
1020550856300010940330000093718000000                         000000056053010000000OU00000000000000000000 0205050815180                           050815000000000883023718920010508150000000000000000000000000000000000000000000000000000000000000000000000000000000008830000000000000000000000000000000000000000000000000000010000000000000          0000729828964000000000000000000000000000000000000000000021
1020550856300010940330000093718000000                         000000056060010000000OU00000000000000000000 0205050815181                           050815000000005999000102740010508150000000000000000000000000000000000000000000000000000000000000000000000000000000059990000000000000000000000000000000000000000000000000000010000000000000          0783455500018800000000000000000000000000000000000000000022
1020550856300010940330000093718000000                         000000056118010000000OU00000000000000000000 0205050815186                           050815000000000512010401430010508150000000000000000000000000000000000000000000000000000000000000000000000000000000005120000000000000000000000000000000000000000000000000000010000000000000          0004913062565300000000000000000000000000000000000000000023
1020550856300010940330000093718000000                         000000056125010000000OU00000000000000000000 0205050815187                           070815000000003816003336100010508150000000000000000000000000000000000000000000000000000000000000000000000000000000038160000000000000000000000000000000000000000000000000000010000000000000          0000067250564900000000000000000000000000000000000000000024
1020550856300010940330000093718000000                         000000054350010000000OU00000000000000000000 020505081510                            050815000000004978503336100010508150000000000000000000000000000000000000000000000000000000000000000000000000000000049785000000000000000000000000000000000000000000000000000010000000000000          1047536900010400000000000000000000000000000000000000000025
1020550856300010940330000093718000000                         000000054368010000000OU00000000000000000000 020505081511                            050815000000001760010401430010508150000000000000000000000000000000000000000000000000000000000000000000000000000000017600000000000000000000000000000000000000000000000000000010000000000000          0002131697090600000000000000000000000000000000000000000026
1020550856300010940330000093718000000                         000000054382010000000OU00000000000000000000 020505081513                            050815000000006235000102740010508150000000000000000000000000000000000000000000000000000000000000000000000000000000062350000000000000000000000000000000000000000000000000000010000000000000          0345878000010600000000000000000000000000000000000000000027
1020550856300010940330000093718000000                         000000054415010000000OU00000000000000000000 020505081516                            050815000000002870013658210010508150000000000000000000000000000000000000000000000000000000000000000000000000000000028700000000000000000000000000000000000000000000000000000010000000000000          2222411700019100000000000000000000000000000000000000000028
1020550856300010940330000093718000000                         000000054422010000000OU00000000000000000000 020505081517                            050815000000010840000113360010508150000000000000000000000000000000000000000000000000000000000000000000000000000000108400000000000000000000000000000000000000000000000000000010000000000000          0239065300015000000000000000000000000000000000000000000029
1020550856300010940330000093718000000                         000000054479010000000OU00000000000000000000 020505081522                            050815000000003515010401430010508150000000000000000000000000000000000000000000000000000000000000000000000000000000035150000000000000000000000000000000000000000000000000000010000000000000          0547824400010600000000000000000000000000000000000000000030
1020550856300010940330000093718000000                         000000054620010000000OU00000000000000000000 020505081537                            050815000000011815000102740010508150000000000000000000000000000000000000000000000000000000000000000000000000000000118150000000000000000000000000000000000000000000000000000010000000000000          0833872000017300000000000000000000000000000000000000000031
1020550856300010940330000093718000000                         000000054651010000000OU00000000000000000000 020505081540                            050815000000010232375631550010508150000000000000000000000000000000000000000000000000000000000000000000000000000000102323000000000000000000000000000000000000000000000000000010000000000000          2105068800019400000000000000000000000000000000000000000032
1020550856300010940330000093718000000                         000000054669010000000OU00000000000000000000 020505081541                            050815000000000793010401430010508150000000000000000000000000000000000000000000000000000000000000000000000000000000007930000000000000000000000000000000000000000000000000000010000000000000          1963205000011000000000000000000000000000000000000000000033
1020550856300010940330000093718000000                         000000054709010000000OU00000000000000000000 020505081545                            050815000000003250010401430010508150000000000000000000000000000000000000000000000000000000000000000000000000000000032500000000000000000000000000000000000000000000000000000010000000000000          1196477300010400000000000000000000000000000000000000000034
1020550856300010940330000093718000000                         000000054866010000000OU00000000000000000000 020505081561                            050815000000005225075640330010508150000000000000000000000000000000000000000000000000000000000000000000000000000000052250000000000000000000000000000000000000000000000000000010000000000000          0399205200018000000000000000000000000000000000000000000035
1020550856300010940330000093718000000                         000000054938010000000OU00000000000000000000 020505081568                            050815000000004308200102740010508150000000000000000000000000000000000000000000000000000000000000000000000000000000043082000000000000000000000000000000000000000000000000000010000000000000          0425159700010600000000000000000000000000000000000000000036
1020550856300010940330000093718000000                         000000054984010000000OU00000000000000000000 020505081573                            050815000000002784000102740010508150000000000000000000000000000000000000000000000000000000000000000000000000000000027840000000000000000000000000000000000000000000000000000010000000000000          0555004800019700000000000000000000000000000000000000000037
1020550856300010940330000093718000000                         000000055012010000000OU00000000000000000000 020505081576                            050815000000000390034114750010508150000000000000000000000000000000000000000000000000000000000000000000000000000000003900000000000000000000000000000000000000000000000000000010000000000000          0000453745164500000000000000000000000000000000000000000038
1020550856300010940330000093718000000                         000000055044010000000OU00000000000000000000 020505081579                            050815000000000883000102740010508150000000000000000000000000000000000000000000000000000000000000000000000000000000008830000000000000000000000000000000000000000000000000000010000000000000          0000582406161000000000000000000000000000000000000000000039
1020550856300010940330000093718000000                         000000055194010000000OU00000000000000000000 020505081594                            050815000000004969134114750010508150000000000000000000000000000000000000000000000000000000000000000000000000000000049691000000000000000000000000000000000000000000000000000010000000000000          0550855300017300000000000000000000000000000000000000000040
1020550856300010940330000093718000000                         000000055234010000000OU00000000000000000000 020505081598                            050815000000003161010401430010508150000000000000000000000000000000000000000000000000000000000000000000000000000000031610000000000000000000000000000000000000000000000000000010000000000000          0627151500010200000000000000000000000000000000000000000041
1020550856300010940330000093718000000                         000000056140010000000OU00000000000000000000 0205050815189                           050815000000004158000102740010508150000000000000000000000000000000000000000000000000000000000000000000000000000000041580000000000000000000000000000000000000000000000000000010000000000000          0592547800014600000000000000000000000000000000000000000042
1020550856300010940330000093718000000                         000000056157010000000OU00000000000000000000 0205050815190                           050815000000000770010401430010508150000000000000000000000000000000000000000000000000000000000000000000000000000000007700000000000000000000000000000000000000000000000000000010000000000000          0931541200019500000000000000000000000000000000000000000043
1020550856300010940330000093718000000                         000000056275010000000OU00000000000000000000 02050508156                             050815000000020572075631550010508150000000000000000000000000000000000000000000000000000000000000000000000000000000205720000000000000000000000000000000000000000000000000000010000000000000          1817433400014700000000000000000000000000000000000000000044
1020550856300010940330000093718000000                         000000056282010000000OU00000000000000000000 02050508157                             050815000000024246075631550010508150000000000000000000000000000000000000000000000000000000000000000000000000000000242460000000000000000000000000000000000000000000000000000010000000000000          1817433400022800000000000000000000000000000000000000000045
1020550856300010940330000093718000000                         000000056290010000000OU00000000000000000000 02050508158                             050815000000009534075631550010508150000000000000000000000000000000000000000000000000000000000000000000000000000000095340000000000000000000000000000000000000000000000000000010000000000000          1817433400030900000000000000000000000000000000000000000046
9027564033SICOOB CREDICOPA         AVENIDA RUI BARBOSA                               CENTRO                        38740000PATROCÍNIO                    MG060820150000004500000004700                                                                                                                                                                                                                    000047
