02RETORNO01COBRANÇA       40330000067920093718CONTAL PROCESSAMENTO DE DADOS 756 - BANCOOB S/A 0610150000032                                                                                                                                                                                                                                                                                               000001
1020550856300010940330000093718000000                         000000060550010000000OU00000000000000000000 020505101511                            051015000000004978503336100010510150000000000000000000000000000000000000000000000000000000000000000000000000000000049785000000000000000000000000000000000000000000000000000010000000000000          1047536900010400000000000000000000000000000000000000000002
1020550856300010940330000093718000000                         000000060567010000000OU00000000000000000000 020505101512                            051015000000001760010401430010510150000000000000000000000000000000000000000000000000000000000000000000000000000000017600000000000000000000000000000000000000000000000000000010000000000000          0002131697090600000000000000000000000000000000000000000003
1020550856300010940330000093718000000                         000000060581010000000OU00000000000000000000 020505101514                            051015000000006125000102740010510150000000000000000000000000000000000000000000000000000000000000000000000000000000061250000000000000000000000000000000000000000000000000000010000000000000          0345878000010600000000000000000000000000000000000000000004
1020550856300010940330000093718000000                         000000060653010000000OU00000000000000000000 020505101521                            051015000000000906034114750010510150000000000000000000000000000000000000000000000000000000000000000000000000000000009060000000000000000000000000000000000000000000000000000010000000000000          0000376885769700000000000000000000000000000000000000000005
1020550856300010940330000093718000000                         000000060660010000000OU00000000000000000000 020505101522                            051015000000004395010401430010510150000000000000000000000000000000000000000000000000000000000000000000000000000000043950000000000000000000000000000000000000000000000000000010000000000000          1806113200019900000000000000000000000000000000000000000006
1020550856300010940330000093718000000                         000000060685010000000OU00000000000000000000 020505101524                            051015000000003535000102740010510150000000000000000000000000000000000000000000000000000000000000000000000000000000035350000000000000000000000000000000000000000000000000000010000000000000          0547824400010600000000000000000000000000000000000000000007
1020550856300010940330000093718000000                         000000060829010000000OU00000000000000000000 020505101538                            051015000000000770010401430010510150000000000000000000000000000000000000000000000000000000000000000000000000000000007700000000000000000000000000000000000000000000000000000010000000000000          1675684600019600000000000000000000000000000000000000000008
1020550856300010940330000093718000000                         000000060843010000000OU00000000000000000000 020505101540                            051015000000012262000102740010510150000000000000000000000000000000000000000000000000000000000000000000000000000000122620000000000000000000000000000000000000000000000000000010000000000000          0833872000017300000000000000000000000000000000000000000009
1020550856300010940330000093718000000                         000000060875010000000OU00000000000000000000 020505101543                            051015000000007382510401430010510150000000000000000000000000000000000000000000000000000000000000000000000000000000073825000000000000000000000000000000000000000000000000000010000000000000          2105068800019400000000000000000000000000000000000000000010
1020550856300010940330000093718000000                         000000060915010000000OU00000000000000000000 020505101547                            051015000000002500010401430010510150000000000000000000000000000000000000000000000000000000000000000000000000000000025000000000000000000000000000000000000000000000000000000010000000000000          1152408100014500000000000000000000000000000000000000000011
1020550856300010940330000093718000000                         000000060922010000000OU00000000000000000000 020505101548                            051015000000003360010401430010510150000000000000000000000000000000000000000000000000000000000000000000000000000000033600000000000000000000000000000000000000000000000000000010000000000000          1196477300010400000000000000000000000000000000000000000012
1020550856300010940330000093718000000                         000000061085010000000OU00000000000000000000 020505101564                            051015000000006556075640330010510150000000000000000000000000000000000000000000000000000000000000000000000000000000065560000000000000000000000000000000000000000000000000000010000000000000          0399205200018000000000000000000000000000000000000000000013
1020550856300010940330000093718000000                         000000061164010000000OU00000000000000000000 020505101572                            051015000000004338210401430010510150000000000000000000000000000000000000000000000000000000000000000000000000000000043382000000000000000000000000000000000000000000000000000010000000000000          0425159700010600000000000000000000000000000000000000000014
1020550856300010940330000093718000000                         000000061211010000000OU00000000000000000000 020505101577                            051015000000002780000102740010510150000000000000000000000000000000000000000000000000000000000000000000000000000000027800000000000000000000000000000000000000000000000000000010000000000000          0555004800019700000000000000000000000000000000000000000015
1020550856300010940330000093718000000                         000000061243010000000OU00000000000000000000 020505101580                            051015000000000390034114750010510150000000000000000000000000000000000000000000000000000000000000000000000000000000003900000000000000000000000000000000000000000000000000000010000000000000          0000453745164500000000000000000000000000000000000000000016
1020550856300010940330000093718000000                         000000061290010000000OU00000000000000000000 020505101585                            051015000000005670775631550010510150000000000000000000000000000000000000000000000000000000000000000000000000000000056707000000000000000000000000000000000000000000000000000010000000000000          1787862500015300000000000000000000000000000000000000000017
1020550856300010940330000093718000000                         000000061308010000000OU00000000000000000000 020505101586                            051015000000000770034114750010510150000000000000000000000000000000000000000000000000000000000000000000000000000000007700000000000000000000000000000000000000000000000000000010000000000000          2241861100019700000000000000000000000000000000000000000018
1020550856300010940330000093718000000                         000000061426010000000OU00000000000000000000 020505101598                            051015000000004672534114750010510150000000000000000000000000000000000000000000000000000000000000000000000000000000046725000000000000000000000000000000000000000000000000000010000000000000          0550855300017300000000000000000000000000000000000000000019
1020550856300010940330000093718000000                         000000061465010000000OU00000000000000000000 0205051015102                           051015000000003115010401430010510150000000000000000000000000000000000000000000000000000000000000000000000000000000031150000000000000000000000000000000000000000000000000000010000000000000          0627151500010200000000000000000000000000000000000000000020
1020550856300010940330000093718000000                         000000061512010000000OU00000000000000000000 0205051015107                           051015000000003996000102740010510150000000000000000000000000000000000000000000000000000000000000000000000000000000039960000000000000000000000000000000000000000000000000000010000000000000          1515250000011600000000000000000000000000000000000000000021
1020550856300010940330000093718000000                         000000061576010000000OU00000000000000000000 0205051015113                           051015000000000770010401430010510150000000000000000000000000000000000000000000000000000000000000000000000000000000007700000000000000000000000000000000000000000000000000000010000000000000          1903423800016600000000000000000000000000000000000000000022
1020550856300010940330000093718000000                         000000061766010000000OU00000000000000000000 0205051015132                           051015000000003765010401430010510150000000000000000000000000000000000000000000000000000000000000000000000000000000037650000000000000000000000000000000000000000000000000000010000000000000          1044139600016600000000000000000000000000000000000000000023
1020550856300010940330000093718000000                         000000061845010000000OU00000000000000000000 0205051015140                           051015000000000883010401430010510150000000000000000000000000000000000000000000000000000000000000000000000000000000008830000000000000000000000000000000000000000000000000000010000000000000          0000504886665700000000000000000000000000000000000000000024
1020550856300010940330000093718000000                         000000061852010000000OU00000000000000000000 0205051015141                           051015000000001150023718920010510150000000000000000000000000000000000000000000000000000000000000000000000000000000011500000000000000000000000000000000000000000000000000000010000000000000          0000070430667000000000000000000000000000000000000000000025
1020550856300010940330000093718000000                         000000061860010000000OU00000000000000000000 0205051015142                           051015000000000770010401430010510150000000000000000000000000000000000000000000000000000000000000000000000000000000007700000000000000000000000000000000000000000000000000000010000000000000          2177263400013200000000000000000000000000000000000000000026
1020550856300010940330000093718000000                         000000061900010000000OU00000000000000000000 0205051015146                           051015000000000770010401430010510150000000000000000000000000000000000000000000000000000000000000000000000000000000007700000000000000000000000000000000000000000000000000000010000000000000          1925189900014300000000000000000000000000000000000000000027
1020550856300010940330000093718000000                         000000061917010000000OU00000000000000000000 0205051015147                           051015000000003800010401430010510150000000000000000000000000000000000000000000000000000000000000000000000000000000038000000000000000000000000000000000000000000000000000000010000000000000          0213470000010200000000000000000000000000000000000000000028
1020550856300010940330000093718000000                         000000061956010000000OU00000000000000000000 0205051015151                           101015000000004015075631550010510150000000000000000000000000000000000000000000000000000000000000000000000000000000040150000000000000000000000000000000000000000000000000000010000000000000          0869885500014000000000000000000000000000000000000000000029
1020550856300010940330000093718000000                         000000062062010000000OU00000000000000000000 0205051015162                           051015000000002020075631550010510150000000000000000000000000000000000000000000000000000000000000000000000000000000020200000000000000000000000000000000000000000000000000000010000000000000          1462640500014400000000000000000000000000000000000000000030
1020550856300010940330000093718000000                         000000062070010000000OU00000000000000000000 0205051015163                           051015000000016056223718920010510150000000000000000000000000000000000000000000000000000000000000000000000000000000160562000000000000000000000000000000000000000000000000000010000000000000          0597177900010600000000000000000000000000000000000000000031
1020550856300010940330000093718000000                         000000062087010000000OU00000000000000000000 0205051015164                           051015000000003165000102740010510150000000000000000000000000000000000000000000000000000000000000000000000000000000031650000000000000000000000000000000000000000000000000000010000000000000          2094410900019400000000000000000000000000000000000000000032
1020550856300010940330000093718000000                         000000062141010000000OU00000000000000000000 0205051015170                           051015000000001133075640330010510150000000000000000000000000000000000000000000000000000000000000000000000000000000011330000000000000000000000000000000000000000000000000000010000000000000          0008810016262000000000000000000000000000000000000000000033
1020550856300010940330000093718000000                         000000062206010000000OU00000000000000000000 0205051015176                           051015000000000883010401430010510150000000000000000000000000000000000000000000000000000000000000000000000000000000008830000000000000000000000000000000000000000000000000000010000000000000          0005069414666800000000000000000000000000000000000000000034
1020550856300010940330000093718000000                         000000062277010000000OU00000000000000000000 0205051015183                           051015000000025068063400190010510150000000000000000000000000000000000000000000000000000000000000000000000000000000250680000000000000000000000000000000000000000000000000000010000000000000          1817433400022800000000000000000000000000000000000000000035
1020550856300010940330000093718000000                         000000062284010000000OU00000000000000000000 0205051015184                           051015000000008121575631550010510150000000000000000000000000000000000000000000000000000000000000000000000000000000081215000000000000000000000000000000000000000000000000000010000000000000          1817433400030900000000000000000000000000000000000000000036
1020550856300010940330000093718000000                         000000062331010000000OU00000000000000000000 0205051015189                           051015000000000883023718920010510150000000000000000000000000000000000000000000000000000000000000000000000000000000008830000000000000000000000000000000000000000000000000000010000000000000          0000729828964000000000000000000000000000000000000000000037
1020550856300010940330000093718000000                         000000062349010000000OU00000000000000000000 0205051015190                           051015000000007856000102740010510150000000000000000000000000000000000000000000000000000000000000000000000000000000078560000000000000000000000000000000000000000000000000000010000000000000          0783455500018800000000000000000000000000000000000000000038
1020550856300010940330000093718000000                         000000062395010000000OU00000000000000000000 0205051015195                           051015000000000512075640330010510150000000000000000000000000000000000000000000000000000000000000000000000000000000005120000000000000000000000000000000000000000000000000000010000000000000          0004913062565300000000000000000000000000000000000000000039
1020550856300010940330000093718000000                         000000062428010000000OU00000000000000000000 0205051015198                           051015000000004025010401430010510150000000000000000000000000000000000000000000000000000000000000000000000000000000040250000000000000000000000000000000000000000000000000000010000000000000          0592547800014600000000000000000000000000000000000000000040
1020550856300010940330000093718000000                         000000062435010000000OU00000000000000000000 0205051015199                           051015000000000770010401430010510150000000000000000000000000000000000000000000000000000000000000000000000000000000007700000000000000000000000000000000000000000000000000000010000000000000          0931541200019500000000000000000000000000000000000000000041
1020550856300010940330000093718000000                         000000062481010000000OU00000000000000000000 0205051015204                           051015000000004252075631550010510150000000000000000000000000000000000000000000000000000000000000000000000000000000042520000000000000000000000000000000000000000000000000000010000000000000          0005740752566800000000000000000000000000000000000000000042
1020550856300010940330000093718000000                         000000043715010000000OU00000000000000000000 0209051015001                           050415000000079148475640330010101000000000000000000000000000000000000000000000000000000000000000000000000000000000791484000000000000000000000000000000000000000000000000000010000000000000          0226480100019000000000000000000000000000000000000000000043
1020550856300010940330000093718000000                         000000043722010000000OU00000000000000000000 02090510150002                          050415000000004005075640330010101000000000000000000000000000000000000000000000000000000000000000000000000000000000040050000000000000000000000000000000000000000000000000000010000000000000          0500836700017500000000000000000000000000000000000000000044
1020550856300010940330000093718000000                         000000043761010000000OU00000000000000000000 0209051015008                           050415000000004954375640330010101000000000000000000000000000000000000000000000000000000000000000000000000000000000049543000000000000000000000000000000000000000000000000000010000000000000          0414224700010100000000000000000000000000000000000000000045
1020550856300010940330000093718000000                         000000043779010000000OU00000000000000000000 02090510150013                          050415000000002677975640330010101000000000000000000000000000000000000000000000000000000000000000000000000000000000026779000000000000000000000000000000000000000000000000000010000000000000          2223821600012200000000000000000000000000000000000000000046
1020550856300010940330000093718000000                         000000043786010000000OU00000000000000000000 02090510150015                          050415000000007717575640330010101000000000000000000000000000000000000000000000000000000000000000000000000000000000077175000000000000000000000000000000000000000000000000000010000000000000          0592335800010000000000000000000000000000000000000000000047
1020550856300010940330000093718000000                         000000043793010000000OU00000000000000000000 02090510150010122                       050415000000001540075640330010101000000000000000000000000000000000000000000000000000000000000000000000000000000000015400000000000000000000000000000000000000000000000000000010000000000000          2119779000011700000000000000000000000000000000000000000048
1020550856300010940330000093718000000                         000000043819010000000OU00000000000000000000 02090510150020                          050415000000000883075640330010101000000000000000000000000000000000000000000000000000000000000000000000000000000000008830000000000000000000000000000000000000000000000000000010000000000000          0387798700011500000000000000000000000000000000000000000049
1020550856300010940330000093718000000                         000000043826010000000OU00000000000000000000 0209051015002203                        050415000000038300675640330010101000000000000000000000000000000000000000000000000000000000000000000000000000000000383006000000000000000000000000000000000000000000000000000010000000000000          0141778500016500000000000000000000000000000000000000000050
1020550856300010940330000093718000000                         000000043833010000000OU00000000000000000000 0209051015001032                        050415000000000515075640330010101000000000000000000000000000000000000000000000000000000000000000000000000000000000005150000000000000000000000000000000000000000000000000000010000000000000          0000318131366100000000000000000000000000000000000000000051
1020550856300010940330000093718000000                         000000043840010000000OU00000000000000000000 020905101500212                         050415000000004798075640330010101000000000000000000000000000000000000000000000000000000000000000000000000000000000047980000000000000000000000000000000000000000000000000000010000000000000          2223408200017100000000000000000000000000000000000000000052
1020550856300010940330000093718000000                         000000043865010000000OU00000000000000000000 020905101500147                         050415000000024877075640330010101000000000000000000000000000000000000000000000000000000000000000000000000000000000248770000000000000000000000000000000000000000000000000000010000000000000          0008490299064400000000000000000000000000000000000000000053
1020550856300010940330000093718000000                         000000043872010000000OU00000000000000000000 020905101500147                         050415000000017167275640330010101000000000000000000000000000000000000000000000000000000000000000000000000000000000171672000000000000000000000000000000000000000000000000000010000000000000          2021652700016500000000000000000000000000000000000000000054
1020550856300010940330000093718000000                         000000043880010000000OU00000000000000000000 02090510150147                          050415000000000883075640330010101000000000000000000000000000000000000000000000000000000000000000000000000000000000008830000000000000000000000000000000000000000000000000000010000000000000          0000439259762800000000000000000000000000000000000000000055
1020550856300010940330000093718000000                         000000043905010000000OU00000000000000000000 02090510150012                          050415000000008070075640330010101000000000000000000000000000000000000000000000000000000000000000000000000000000000080700000000000000000000000000000000000000000000000000000010000000000000          1043522700011300000000000000000000000000000000000000000056
1020550856300010940330000093718000000                         000000043937010000000OU00000000000000000000 02090510150017                          050415000000008204275640330010101000000000000000000000000000000000000000000000000000000000000000000000000000000000082042000000000000000000000000000000000000000000000000000010000000000000          2223420700016300000000000000000000000000000000000000000057
1020550856300010940330000093718000000                         000000043944010000000OU00000000000000000000 02090510158500                          050415000000097603875640330010101000000000000000000000000000000000000000000000000000000000000000000000000000000000976038000000000000000000000000000000000000000000000000000010000000000000          1914002500011900000000000000000000000000000000000000000058
1020550856300010940330000093718000000                         000000043951010000000OU00000000000000000000 020905101500253                         050415000000003365075640330010101000000000000000000000000000000000000000000000000000000000000000000000000000000000033650000000000000000000000000000000000000000000000000000010000000000000          1152408100014500000000000000000000000000000000000000000059
1020550856300010940330000093718000000                         000000043983010000000OU00000000000000000000 0209051015001100                        050415000000031130075640330010101000000000000000000000000000000000000000000000000000000000000000000000000000000000311300000000000000000000000000000000000000000000000000000010000000000000          1763290900016500000000000000000000000000000000000000000060
1020550856300010940330000093718000000                         000000044011010000000OU00000000000000000000 020905101500033                         050415000000005002475640330010101000000000000000000000000000000000000000000000000000000000000000000000000000000000050024000000000000000000000000000000000000000000000000000010000000000000          2340977400017600000000000000000000000000000000000000000061
1020550856300010940330000093718000000                         000000044036010000000OU00000000000000000000 02090510150036                          050415000000001540075640330010101000000000000000000000000000000000000000000000000000000000000000000000000000000000015400000000000000000000000000000000000000000000000000000010000000000000          2182806300010000000000000000000000000000000000000000000062
1020550856300010940330000093718000000                         000000044043010000000OU00000000000000000000 02090510150037                          050415000000001910075640330010101000000000000000000000000000000000000000000000000000000000000000000000000000000000019100000000000000000000000000000000000000000000000000000010000000000000          0003013691166800000000000000000000000000000000000000000063
1020550856300010940330000093718000000                         000000044050010000000OU00000000000000000000 02090510150039                          050415000000008311375640330010101000000000000000000000000000000000000000000000000000000000000000000000000000000000083113000000000000000000000000000000000000000000000000000010000000000000          0433792700017200000000000000000000000000000000000000000064
1020550856300010940330000093718000000                         000000044075010000000OU00000000000000000000 02090510150044                          050415000000002950075640330010101000000000000000000000000000000000000000000000000000000000000000000000000000000000029500000000000000000000000000000000000000000000000000000010000000000000          0577716900017600000000000000000000000000000000000000000065
1020550856300010940330000093718000000                         000000044082010000000OU00000000000000000000 02090510150051                          050415000000010622075640330010101000000000000000000000000000000000000000000000000000000000000000000000000000000000106220000000000000000000000000000000000000000000000000000010000000000000          3867074100015200000000000000000000000000000000000000000066
1020550856300010940330000093718000000                         000000044090010000000OU00000000000000000000 0209051015052                           050415000000012040075640330010101000000000000000000000000000000000000000000000000000000000000000000000000000000000120400000000000000000000000000000000000000000000000000000010000000000000          0833872000017300000000000000000000000000000000000000000067
1020550856300010940330000093718000000                         000000044122010000000OU00000000000000000000 02090510150060                          050415000000047652075640330010101000000000000000000000000000000000000000000000000000000000000000000000000000000000476520000000000000000000000000000000000000000000000000000010000000000000          0851184800019700000000000000000000000000000000000000000068
1020550856300010940330000093718000000                         000000044154010000000OU00000000000000000000 02090510150210                          050415000000005889075640330010101000000000000000000000000000000000000000000000000000000000000000000000000000000000058890000000000000000000000000000000000000000000000000000010000000000000          0006758932460400000000000000000000000000000000000000000069
1020550856300010940330000093718000000                         000000044161010000000OU00000000000000000000 020905101500635                         050415000000001755075640330010101000000000000000000000000000000000000000000000000000000000000000000000000000000000017550000000000000000000000000000000000000000000000000000010000000000000          1070811600013300000000000000000000000000000000000000000070
1020550856300010940330000093718000000                         000000044179010000000OU00000000000000000000 020905101500210                         050415000000001273075640330010101000000000000000000000000000000000000000000000000000000000000000000000000000000000012730000000000000000000000000000000000000000000000000000010000000000000          0000378016067600000000000000000000000000000000000000000071
1020550856300010940330000093718000000                         000000044219010000000OU00000000000000000000 020905101500613                         050415000000055152375640330010101000000000000000000000000000000000000000000000000000000000000000000000000000000000551523000000000000000000000000000000000000000000000000000010000000000000          1114189300010100000000000000000000000000000000000000000072
1020550856300010940330000093718000000                         000000044226010000000OU00000000000000000000 02090510150159                          050415000000002950075640330010101000000000000000000000000000000000000000000000000000000000000000000000000000000000029500000000000000000000000000000000000000000000000000000010000000000000          1057734700015500000000000000000000000000000000000000000073
1020550856300010940330000093718000000                         000000044233010000000OU00000000000000000000 02090510150012                          050415000000000883075640330010101000000000000000000000000000000000000000000000000000000000000000000000000000000000008830000000000000000000000000000000000000000000000000000010000000000000          1986037200011600000000000000000000000000000000000000000074
1020550856300010940330000093718000000                         000000044240010000000OU00000000000000000000 0209051015000133                        050415000000000770075640330010101000000000000000000000000000000000000000000000000000000000000000000000000000000000007700000000000000000000000000000000000000000000000000000010000000000000          1675684600019600000000000000000000000000000000000000000075
1020550856300010940330000093718000000                         000000044272010000000OU00000000000000000000 020905101500156                         050415000000005832175640330010101000000000000000000000000000000000000000000000000000000000000000000000000000000000058321000000000000000000000000000000000000000000000000000010000000000000          1641698000014800000000000000000000000000000000000000000076
1020550856300010940330000093718000000                         000000044297010000000OU00000000000000000000 02090510150061                          050415000000005889075640330010101000000000000000000000000000000000000000000000000000000000000000000000000000000000058890000000000000000000000000000000000000000000000000000010000000000000          0008700874299100000000000000000000000000000000000000000077
1020550856300010940330000093718000000                         000000044305010000000OU00000000000000000000 02090510150201                          050415000000005889075640330010101000000000000000000000000000000000000000000000000000000000000000000000000000000000058890000000000000000000000000000000000000000000000000000010000000000000          0534162700012000000000000000000000000000000000000000000078
1020550856300010940330000093718000000                         000000044312010000000OU00000000000000000000 02090510150061                          050415000000003825075640330010101000000000000000000000000000000000000000000000000000000000000000000000000000000000038250000000000000000000000000000000000000000000000000000010000000000000          0008700874299100000000000000000000000000000000000000000079
1020550856300010940330000093718000000                         000000044337010000000OU00000000000000000000 020905101500120                         050415000000001540075640330010101000000000000000000000000000000000000000000000000000000000000000000000000000000000015400000000000000000000000000000000000000000000000000000010000000000000          2094421200013400000000000000000000000000000000000000000080
1020550856300010940330000093718000000                         000000044369010000000OU00000000000000000000 02090510150092                          050415000000013600075640330010101000000000000000000000000000000000000000000000000000000000000000000000000000000000136000000000000000000000000000000000000000000000000000000010000000000000          0000403155584900000000000000000000000000000000000000000081
1020550856300010940330000093718000000                         000000044383010000000OU00000000000000000000 020905101545632                         050415000000008167075640330010101000000000000000000000000000000000000000000000000000000000000000000000000000000000081670000000000000000000000000000000000000000000000000000010000000000000          1828274200011200000000000000000000000000000000000000000082
1020550856300010940330000093718000000                         000000044409010000000OU00000000000000000000 02090510150096                          050415000000002543075640330010101000000000000000000000000000000000000000000000000000000000000000000000000000000000025430000000000000000000000000000000000000000000000000000010000000000000          0003939651761500000000000000000000000000000000000000000083
1020550856300010940330000093718000000                         000000044423010000000OU00000000000000000000 02090510150100                          050415000000004512175640330010101000000000000000000000000000000000000000000000000000000000000000000000000000000000045121000000000000000000000000000000000000000000000000000010000000000000          0005508871667200000000000000000000000000000000000000000084
1020550856300010940330000093718000000                         000000044430010000000OU00000000000000000000 02090510150101                          050415000000002833875640330010101000000000000000000000000000000000000000000000000000000000000000000000000000000000028338000000000000000000000000000000000000000000000000000010000000000000          2163192400016600000000000000000000000000000000000000000085
1020550856300010940330000093718000000                         000000044448010000000OU00000000000000000000 0209051015001244                        050415000000000770075640330010101000000000000000000000000000000000000000000000000000000000000000000000000000000000007700000000000000000000000000000000000000000000000000000010000000000000          2032104000014200000000000000000000000000000000000000000086
1020550856300010940330000093718000000                         000000044455010000000OU00000000000000000000 02090510150171                          050415000000000770075640330010101000000000000000000000000000000000000000000000000000000000000000000000000000000000007700000000000000000000000000000000000000000000000000000010000000000000          1303860800015700000000000000000000000000000000000000000087
1020550856300010940330000093718000000                         000000044494010000000OU00000000000000000000 020905101500167                         050415000000000770075640330010101000000000000000000000000000000000000000000000000000000000000000000000000000000000007700000000000000000000000000000000000000000000000000000010000000000000          1904059500013700000000000000000000000000000000000000000088
1020550856300010940330000093718000000                         000000044510010000000OU00000000000000000000 020905101500156                         050415000000000770075640330010101000000000000000000000000000000000000000000000000000000000000000000000000000000000007700000000000000000000000000000000000000000000000000000010000000000000          0475873400019500000000000000000000000000000000000000000089
1020550856300010940330000093718000000                         000000044527010000000OU00000000000000000000 0209051015000995                        050415000000001350075640330010101000000000000000000000000000000000000000000000000000000000000000000000000000000000013500000000000000000000000000000000000000000000000000000010000000000000          0008534360960000000000000000000000000000000000000000000090
1020550856300010940330000093718000000                         000000044534010000000OU00000000000000000000 020905101500604                         050415000000014922575640330010101000000000000000000000000000000000000000000000000000000000000000000000000000000000149225000000000000000000000000000000000000000000000000000010000000000000          0008409823667200000000000000000000000000000000000000000091
1020550856300010940330000093718000000                         000000044541010000000OU00000000000000000000 02090510150046                          050415000000017344075640330010101000000000000000000000000000000000000000000000000000000000000000000000000000000000173440000000000000000000000000000000000000000000000000000010000000000000          2121225400014300000000000000000000000000000000000000000092
1020550856300010940330000093718000000                         000000044573010000000OU00000000000000000000 0209051015000111                        050415000000003155075640330010101000000000000000000000000000000000000000000000000000000000000000000000000000000000031550000000000000000000000000000000000000000000000000000010000000000000          1759577300016000000000000000000000000000000000000000000093
1020550856300010940330000093718000000                         000000044580010000000OU00000000000000000000 020905101500602                         050415000000006376075640330010101000000000000000000000000000000000000000000000000000000000000000000000000000000000063760000000000000000000000000000000000000000000000000000010000000000000          0002721081780800000000000000000000000000000000000000000094
1020550856300010940330000093718000000                         000000044598010000000OU00000000000000000000 020905101511055                         050415000000000770075640330010101000000000000000000000000000000000000000000000000000000000000000000000000000000000007700000000000000000000000000000000000000000000000000000010000000000000          1482074700010900000000000000000000000000000000000000000095
1020550856300010940330000093718000000                         000000044606010000000OU00000000000000000000 02090510154101                          050415000000005079075640330010101000000000000000000000000000000000000000000000000000000000000000000000000000000000050790000000000000000000000000000000000000000000000000000010000000000000          0809678500015000000000000000000000000000000000000000000096
1020550856300010940330000093718000000                         000000044660010000000OU00000000000000000000 02090510150322                          050415000000017500075640330010101000000000000000000000000000000000000000000000000000000000000000000000000000000000175000000000000000000000000000000000000000000000000000000010000000000000          1674034200018800000000000000000000000000000000000000000097
1020550856300010940330000093718000000                         000000044677010000000OU00000000000000000000 020905101501444                         050415000000000770075640330010101000000000000000000000000000000000000000000000000000000000000000000000000000000000007700000000000000000000000000000000000000000000000000000010000000000000          1674996400017700000000000000000000000000000000000000000098
1020550856300010940330000093718000000                         000000044684010000000OU00000000000000000000 02090510150217                          050415000000024830075640330010101000000000000000000000000000000000000000000000000000000000000000000000000000000000248300000000000000000000000000000000000000000000000000000010000000000000          0317765300013900000000000000000000000000000000000000000099
1020550856300010940330000093718000000                         000000044700010000000OU00000000000000000000 02090510150047                          050415000000023821075640330010101000000000000000000000000000000000000000000000000000000000000000000000000000000000238210000000000000000000000000000000000000000000000000000010000000000000          1583374300011000000000000000000000000000000000000000000100
1020550856300010940330000093718000000                         000000044763010000000OU00000000000000000000 02090510150011                          050415000000000460075640330010101000000000000000000000000000000000000000000000000000000000000000000000000000000000004600000000000000000000000000000000000000000000000000000010000000000000          0002141395968700000000000000000000000000000000000000000101
1020550856300010940330000093718000000                         000000044770010000000OU00000000000000000000 020905101500245                         050415000000013315075640330010101000000000000000000000000000000000000000000000000000000000000000000000000000000000133150000000000000000000000000000000000000000000000000000010000000000000          0000905995465300000000000000000000000000000000000000000102
1020550856300010940330000093718000000                         000000044788010000000OU00000000000000000000 0209051015001                           050415000000000770075640330010101000000000000000000000000000000000000000000000000000000000000000000000000000000000007700000000000000000000000000000000000000000000000000000010000000000000          2113264100017000000000000000000000000000000000000000000103
1020550856300010940330000093718000000                         000000044803010000000OU00000000000000000000 02090510150252                          050415000000003670075640330010101000000000000000000000000000000000000000000000000000000000000000000000000000000000036700000000000000000000000000000000000000000000000000000010000000000000          0004316726811500000000000000000000000000000000000000000104
1020550856300010940330000093718000000                         000000044828010000000OU00000000000000000000 02090510150012                          050415000000002722675640330010101000000000000000000000000000000000000000000000000000000000000000000000000000000000027226000000000000000000000000000000000000000000000000000010000000000000          0000682537160600000000000000000000000000000000000000000105
1020550856300010940330000093718000000                         000000044835010000000OU00000000000000000000 02090510150255                          050415000000003815075640330010101000000000000000000000000000000000000000000000000000000000000000000000000000000000038150000000000000000000000000000000000000000000000000000010000000000000          0008470290789100000000000000000000000000000000000000000106
1020550856300010940330000093718000000                         000000044842010000000OU00000000000000000000 02090510150261                          050415000000009037075640330010101000000000000000000000000000000000000000000000000000000000000000000000000000000000090370000000000000000000000000000000000000000000000000000010000000000000          0000812306368700000000000000000000000000000000000000000107
1020550856300010940330000093718000000                         000000044850010000000OU00000000000000000000 02090510150323                          050415000000001156075640330010101000000000000000000000000000000000000000000000000000000000000000000000000000000000011560000000000000000000000000000000000000000000000000000010000000000000          0003656817162000000000000000000000000000000000000000000108
1020550856300010940330000093718000000                         000000044867010000000OU00000000000000000000 020905101500606                         050415000000015097075640330010101000000000000000000000000000000000000000000000000000000000000000000000000000000000150970000000000000000000000000000000000000000000000000000010000000000000          0004463025567200000000000000000000000000000000000000000109
1020550856300010940330000093718000000                         000000044874010000000OU00000000000000000000 02090510154051                          050415000000000774075640330010101000000000000000000000000000000000000000000000000000000000000000000000000000000000007740000000000000000000000000000000000000000000000000000010000000000000          0004634651165300000000000000000000000000000000000000000110
1020550856300010940330000093718000000                         000000044899010000000OU00000000000000000000 020905101500451                         050415000000000700075640330010101000000000000000000000000000000000000000000000000000000000000000000000000000000000007000000000000000000000000000000000000000000000000000000010000000000000          1531459800016000000000000000000000000000000000000000000111
1020550856300010940330000093718000000                         000000044907010000000OU00000000000000000000 020905101500141                         050415000000000770075640330010101000000000000000000000000000000000000000000000000000000000000000000000000000000000007700000000000000000000000000000000000000000000000000000010000000000000          1582620200016400000000000000000000000000000000000000000112
1020550856300010940330000093718000000                         000000044921010000000OU00000000000000000000 020905101500178                         050415000000000655075640330010101000000000000000000000000000000000000000000000000000000000000000000000000000000000006550000000000000000000000000000000000000000000000000000010000000000000          1575658300015200000000000000000000000000000000000000000113
1020550856300010940330000093718000000                         000000044939010000000OU00000000000000000000 02090510150301                          050415000000002670075640330010101000000000000000000000000000000000000000000000000000000000000000000000000000000000026700000000000000000000000000000000000000000000000000000010000000000000          0622550700012000000000000000000000000000000000000000000114
1020550856300010940330000093718000000                         000000044946010000000OU00000000000000000000 020905101500308                         050415000000001155075640330010101000000000000000000000000000000000000000000000000000000000000000000000000000000000011550000000000000000000000000000000000000000000000000000010000000000000          0008077517960400000000000000000000000000000000000000000115
1020550856300010940330000093718000000                         000000044978010000000OU00000000000000000000 0209051015007522                        050415000000000883075640330010101000000000000000000000000000000000000000000000000000000000000000000000000000000000008830000000000000000000000000000000000000000000000000000010000000000000          1465806700012200000000000000000000000000000000000000000116
1020550856300010940330000093718000000                         000000044985010000000OU00000000000000000000 020905101500231                         050415000000002310075640330010101000000000000000000000000000000000000000000000000000000000000000000000000000000000023100000000000000000000000000000000000000000000000000000010000000000000          1564774300012500000000000000000000000000000000000000000117
1020550856300010940330000093718000000                         000000044992010000000OU00000000000000000000 02090510150249                          050415000000009163575640330010101000000000000000000000000000000000000000000000000000000000000000000000000000000000091635000000000000000000000000000000000000000000000000000010000000000000          0000604774060000000000000000000000000000000000000000000118
1020550856300010940330000093718000000                         000000045006010000000OU00000000000000000000 02090510150331                          050415000000082601775640330010101000000000000000000000000000000000000000000000000000000000000000000000000000000000826017000000000000000000000000000000000000000000000000000010000000000000          4299248700018600000000000000000000000000000000000000000119
1020550856300010940330000093718000000                         000000045045010000000OU00000000000000000000 02090510150349                          050415000000010919475640330010101000000000000000000000000000000000000000000000000000000000000000000000000000000000109194000000000000000000000000000000000000000000000000000010000000000000          0843603700017900000000000000000000000000000000000000000120
1020550856300010940330000093718000000                         000000045084010000000OU00000000000000000000 020905101500111                         050415000000000770075640330010101000000000000000000000000000000000000000000000000000000000000000000000000000000000007700000000000000000000000000000000000000000000000000000010000000000000          2177263400013200000000000000000000000000000000000000000121
1020550856300010940330000093718000000                         000000045091010000000OU00000000000000000000 020905101500351                         050415000000006699075640330010101000000000000000000000000000000000000000000000000000000000000000000000000000000000066990000000000000000000000000000000000000000000000000000010000000000000          1049590600018800000000000000000000000000000000000000000122
1020550856300010940330000093718000000                         000000045100010000000OU00000000000000000000 020905101501422                         050415000000005443775640330010101000000000000000000000000000000000000000000000000000000000000000000000000000000000054437000000000000000000000000000000000000000000000000000010000000000000          1705001000013400000000000000000000000000000000000000000123
1020550856300010940330000093718000000                         000000045124010000000OU00000000000000000000 02090510150060                          050415000000045652075640330010101000000000000000000000000000000000000000000000000000000000000000000000000000000000456520000000000000000000000000000000000000000000000000000010000000000000          0851184800019700000000000000000000000000000000000000000124
1020550856300010940330000093718000000                         000000045170010000000OU00000000000000000000 02090510150393                          050415000000001213575640330010101000000000000000000000000000000000000000000000000000000000000000000000000000000000012135000000000000000000000000000000000000000000000000000010000000000000          0004312456968700000000000000000000000000000000000000000125
1020550856300010940330000093718000000                         000000045188010000000OU00000000000000000000 02090510150012                          050415000000003216875640330010101000000000000000000000000000000000000000000000000000000000000000000000000000000000032168000000000000000000000000000000000000000000000000000010000000000000          0584121300016000000000000000000000000000000000000000000126
1020550856300010940330000093718000000                         000000045195010000000OU00000000000000000000 02090510150398                          050415000000004668075640330010101000000000000000000000000000000000000000000000000000000000000000000000000000000000046680000000000000000000000000000000000000000000000000000010000000000000          0338174500013600000000000000000000000000000000000000000127
1020550856300010940330000093718000000                         000000045235010000000OU00000000000000000000 02090510150010911                       050415000000015525075640330010101000000000000000000000000000000000000000000000000000000000000000000000000000000000155250000000000000000000000000000000000000000000000000000010000000000000          1746663500018100000000000000000000000000000000000000000128
1020550856300010940330000093718000000                         000000045267010000000OU00000000000000000000 02090510150122                          050415000000035186575640330010101000000000000000000000000000000000000000000000000000000000000000000000000000000000351865000000000000000000000000000000000000000000000000000010000000000000          0737266600011000000000000000000000000000000000000000000129
1020550856300010940330000093718000000                         000000045274010000000OU00000000000000000000 020905101500456                         050415000000013601975640330010101000000000000000000000000000000000000000000000000000000000000000000000000000000000136019000000000000000000000000000000000000000000000000000010000000000000          1695249300010800000000000000000000000000000000000000000130
1020550856300010940330000093718000000                         000000045299010000000OU00000000000000000000 02090510150,462                         050415000000001912575640330010101000000000000000000000000000000000000000000000000000000000000000000000000000000000019125000000000000000000000000000000000000000000000000000010000000000000          0002174789060000000000000000000000000000000000000000000131
1020550856300010940330000093718000000                         000000045339010000000OU00000000000000000000 02090510150158                          050415000000000770075640330010101000000000000000000000000000000000000000000000000000000000000000000000000000000000007700000000000000000000000000000000000000000000000000000010000000000000          1872484700018400000000000000000000000000000000000000000132
1020550856300010940330000093718000000                         000000045432010000000OU00000000000000000000 02090510150455                          050415000000001400075640330010101000000000000000000000000000000000000000000000000000000000000000000000000000000000014000000000000000000000000000000000000000000000000000000010000000000000          2127562100015800000000000000000000000000000000000000000133
1020550856300010940330000093718000000                         000000045464010000000OU00000000000000000000 02090510150514                          050415000000006383075640330010101000000000000000000000000000000000000000000000000000000000000000000000000000000000063830000000000000000000000000000000000000000000000000000010000000000000          0914652700010100000000000000000000000000000000000000000134
1020550856300010940330000093718000000                         000000045471010000000OU00000000000000000000 020905101501245                         050415000000009310075640330010101000000000000000000000000000000000000000000000000000000000000000000000000000000000093100000000000000000000000000000000000000000000000000000010000000000000          1695561400016700000000000000000000000000000000000000000135
1020550856300010940330000093718000000                         000000045489010000000OU00000000000000000000 02090510150009                          050415000000005395875640330010101000000000000000000000000000000000000000000000000000000000000000000000000000000000053958000000000000000000000000000000000000000000000000000010000000000000          1565766500014000000000000000000000000000000000000000000136
1020550856300010940330000093718000000                         000000045504010000000OU00000000000000000000 02090510150572                          050415000000021572075640330010101000000000000000000000000000000000000000000000000000000000000000000000000000000000215720000000000000000000000000000000000000000000000000000010000000000000          0546617500010200000000000000000000000000000000000000000137
1020550856300010940330000093718000000                         000000045536010000000OU00000000000000000000 02090510150611                          050415000000002155275640330010101000000000000000000000000000000000000000000000000000000000000000000000000000000000021552000000000000000000000000000000000000000000000000000010000000000000          0001016100710400000000000000000000000000000000000000000138
1020550856300010940330000093718000000                         000000045575010000000OU00000000000000000000 020905101500600                         050415000000018647475640330010101000000000000000000000000000000000000000000000000000000000000000000000000000000000186474000000000000000000000000000000000000000000000000000010000000000000          0005740752566800000000000000000000000000000000000000000139
1020550856300010940330000093718000000                         000000045582010000000OU00000000000000000000 02090510154511                          050415000000001700075640330010101000000000000000000000000000000000000000000000000000000000000000000000000000000000017000000000000000000000000000000000000000000000000000000010000000000000          0000428122868300000000000000000000000000000000000000000140
1020550856300010940330000093718000000                         000000045590010000000OU00000000000000000000 020905101588844                         050415000000000700075640330010101000000000000000000000000000000000000000000000000000000000000000000000000000000000007000000000000000000000000000000000000000000000000000000010000000000000          0002876625369100000000000000000000000000000000000000000141
1020550856300010940330000093718000000                         000000045615010000000OU00000000000000000000 02090510150012                          050415000000034954775640330010101000000000000000000000000000000000000000000000000000000000000000000000000000000000349547000000000000000000000000000000000000000000000000000010000000000000          0005058771497200000000000000000000000000000000000000000142
1020550856300010940330000093718000000                         000000045622010000000OU00000000000000000000 020905101599445                         050415000000021286075640330010101000000000000000000000000000000000000000000000000000000000000000000000000000000000212860000000000000000000000000000000000000000000000000000010000000000000          1123927800013200000000000000000000000000000000000000000143
1020550856300010940330000093718000000                         000000045630010000000OU00000000000000000000 020905101500777                         050415000000002346075640330010101000000000000000000000000000000000000000000000000000000000000000000000000000000000023460000000000000000000000000000000000000000000000000000010000000000000          1769111800010600000000000000000000000000000000000000000144
1020550856300010940330000093718000000                         000000045719010000000OU00000000000000000000 02090510154913                          050415000000000988475640330010101000000000000000000000000000000000000000000000000000000000000000000000000000000000009884000000000000000000000000000000000000000000000000000010000000000000          0000559140266600000000000000000000000000000000000000000145
1020550856300010940330000093718000000                         000000045726010000000OU00000000000000000000 0209051015000                           050415000000001076975640330010101000000000000000000000000000000000000000000000000000000000000000000000000000000000010769000000000000000000000000000000000000000000000000000010000000000000          0000546054560900000000000000000000000000000000000000000146
1020550856300010940330000093718000000                         000000045733010000000OU00000000000000000000 02090510150052                          050415000000012040075640330010101000000000000000000000000000000000000000000000000000000000000000000000000000000000120400000000000000000000000000000000000000000000000000000010000000000000          0833872000017300000000000000000000000000000000000000000147
1020550856300010940330000093718000000                         000000045851010000000OU00000000000000000000 02090510150012                          050415000000001838875640330010101000000000000000000000000000000000000000000000000000000000000000000000000000000000018388000000000000000000000000000000000000000000000000000010000000000000          2182806300010000000000000000000000000000000000000000000148
1020550856300010940330000093718000000                         000000045876010000000OU00000000000000000000 02090510158500                          050415000000000770075640330010101000000000000000000000000000000000000000000000000000000000000000000000000000000000007700000000000000000000000000000000000000000000000000000010000000000000          1925189900014300000000000000000000000000000000000000000149
1020550856300010940330000093718000000                         000000045883010000000OU00000000000000000000 0209051015000                           050415000000000883075640330010101000000000000000000000000000000000000000000000000000000000000000000000000000000000008830000000000000000000000000000000000000000000000000000010000000000000          0000729828964000000000000000000000000000000000000000000150
1020550856300010940330000093718000000                         000000045890010000000OU00000000000000000000 02090510150012                          050415000000034954775640330010101000000000000000000000000000000000000000000000000000000000000000000000000000000000349547000000000000000000000000000000000000000000000000000010000000000000          0005058771497200000000000000000000000000000000000000000151
9027564033SICOOB CREDICOPA         AVENIDA RUI BARBOSA                               CENTRO                        38740000PATROCÍNIO                    MG061020150000015000000004700                                                                                                                                                                                                                    000152
