02RETORNO01COBRANÇA       40330000067920093718CONTAL PROCESSAMENTO DE DADOS 756 - BANCOOB S/A 1008150000023                                                                                                                                                                                                                                                                                               000001
1020550856300010940330000093718000000                         000000055764010000000OU00000000000000000000 0205070815151                           150815000000001253010401430010708150000000000000000000000000000000000000000000000000000000000000000000000000000000012530000000000000000000000000000000000000000000000000000010000000000000          2026324500011900000000000000000000000000000000000000000002
1020550856300010940330000093718000000                         000000055621010000000OU00000000000000000000 0205070815137                           070815000000000700023718920010708150000000000000000000000000000000000000000000000000000000000000000000000000000000007000000000000000000000000000000000000000000000000000000010000000000000          0002876625369100000000000000000000000000000000000000000003
1020550856300010940330000093718000000                         000000055495010000000OU00000000000000000000 0205070815124                           150815000000000770010401430010708150000000000000000000000000000000000000000000000000000000000000000000000000000000007700000000000000000000000000000000000000000000000000000010000000000000          2113264100017000000000000000000000000000000000000000000004
1020550856300010940330000093718000000                         000000046545010000000OU00000000000000000000 0205070815                              070815000000003020075640330990708150000145000000000000000000000000000000000000000000000000000000000000000000000000030200000000000000000000000000000000000000000000000000000010000000000000          0000000000000000000000000000000000000000000000000000000005
1020550856300010940330000093718000000                         000000046513010000000OU00000000000000000000 0205070815                              070815000000000515075640330990708150000145000000000000000000000000000000000000000000000000000000000000000000000000005150000000000000000000000000000000000000000000000000000010000000000000          0000000000000000000000000000000000000000000000000000000006
9027564033SICOOB CREDICOPA         AVENIDA RUI BARBOSA                               CENTRO                        38740000PATROCÍNIO                    MG100820150000000500000004700                                                                                                                                                                                                                    000007
