02RETORNO01COBRANÇA       40330000067920093718CONTAL PROCESSAMENTO DE DADOS 756 - BANCOOB S/A 0408150000020                                                                                                                                                                                                                                                                                               000001
1020550856300010940330000093718000000                         000000050575010000000OU00000000000000000000 020510071544                            100715000000004265010401430011007150000000000000000000000000000000000000000000000000000000000000000000000000000000042650000000000000000000000000000000000000000000000000000010000000000000          1374337400014900000000000000000000000000000000000000000002
1020550856300010940330000093718000000                         000000050679010000000OU00000000000000000000 020510071554                            100715000000007484510401430011007150000000000000000000000000000000000000000000000000000000000000000000000000000000074845000000000000000000000000000000000000000000000000000010000000000000          1891041200012400000000000000000000000000000000000000000003
1020550856300010940330000093718000000                         000000052135010000000OU00000000000000000000 02051007151                             100715000000004170710433690011007150000000000000000000000000000000000000000000000000000000000000000000000000000000041707000000000000000000000000000000000000000000000000000010000000000000          0500836700017500000000000000000000000000000000000000000004
1020550856300010940330000093718000000                         000000052150010000000OU00000000000000000000 02051007153                             100715000000005170234114750011007150000000000000000000000000000000000000000000000000000000000000000000000000000000051702000000000000000000000000000000000000000000000000000010000000000000          0880836100017000000000000000000000000000000000000000000005
1020550856300010940330000093718000000                         000000052239010000000OU00000000000000000000 02051007151                             100715000000003020075640330011007150000000000000000000000000000000000000000000000000000000000000000000000000000000030200000000000000000000000000000000000000000000000000000010000000000000          6444062100017900000000000000000000000000000000000000000006
1020550856300010940330000093718000000                         000000052278010000000OU00000000000000000000 02051007153                             100715000000003275010401430011007150000000000000000000000000000000000000000000000000000000000000000000000000000000032750000000000000000000000000000000000000000000000000000010000000000000          0412428700011200000000000000000000000000000000000000000007
1020550856300010940330000093718000000                         000000051133010000000OU00000000000000000000 0205090715100                           100715000000006136110401430010907150000000000000000000000000000000000000000000000000000000000000000000000000000000061361000000000000000000000000000000000000000000000000000010000000000000          0520705200015700000000000000000000000000000000000000000008
1020550856300010940330000093718000000                         000000051434010000000OU00000000000000000000 0205090715130                           050715000000000828575631550010907150000000000000000000000000000000000000000000000000000000000000000000000000000000008463000000000017800000000000000000000000000000000000000010000000000000          2177263400013200000000000000000000000000000000000000000009
1020550856300010940330000093718000000                         000000051520010000000OU00000000000000000000 0205090715139                           100715000000004015010401430010907150000000000000000000000000000000000000000000000000000000000000000000000000000000040150000000000000000000000000000000000000000000000000000010000000000000          0869885500014000000000000000000000000000000000000000000010
1020550856300010940330000093718000000                         000000050314010000000OU00000000000000000000 020509071518                            100715000000002065075631550010907150000000000000000000000000000000000000000000000000000000000000000000000000000000020650000000000000000000000000000000000000000000000000000010000000000000          1558210100019500000000000000000000000000000000000000000011
1020550856300010940330000093718000000                         000000050385010000000OU00000000000000000000 020509071525                            100715000000010090938903020010907150000000000000000000000000000000000000000000000000000000000000000000000000000000100909000000000000000000000000000000000000000000000000000010000000000000          0551919700019300000000000000000000000000000000000000000012
9027564033SICOOB CREDICOPA         AVENIDA RUI BARBOSA                               CENTRO                        38740000PATROCÍNIO                    MG040820150000001100000004700                                                                                                                                                                                                                    000013
