02RETORNO01COBRANÇA       40330000067920093718CONTAL PROCESSAMENTO DE DADOS 756 - BANCOOB S/A 1009150000030                                                                                                                                                                                                                                                                                               000001
1020550856300010940330000093718000000                         000000060298010000000OU00000000000000000000 0205090915197                           050915000000000770034114750010909150000000000000000000000000000000000000000000000000000000000000000000000000000000007700000000000000000000000000000000000000000000000000000010000000000000          0931541200019500000000000000000000000000000000000000000002
1020550856300010940330000093718000000                         000000060202010000000OU00000000000000000000 0205090915188                           050915000000005999023718920010909150000000000000000000000000000000000000000000000000000000000000000000000000000000059990000000000000000000000000000000000000000000000000000010000000000000          0783455500018800000000000000000000000000000000000000000003
1020550856300010940330000093718000000                         000000059944010000000OU00000000000000000000 0205090915162                           050915000000003165075640330010909150000000000000000000000000000000000000000000000000000000000000000000000000000000031650000000000000000000000000000000000000000000000000000010000000000000          2094410900019400000000000000000000000000000000000000000004
1020550856300010940330000093718000000                         000000059937010000000OU00000000000000000000 0205090915161                           050915000000016769723718920010909150000000000000000000000000000000000000000000000000000000000000000000000000000000167697000000000000000000000000000000000000000000000000000010000000000000          0597177900010600000000000000000000000000000000000000000005
1020550856300010940330000093718000000                         000000059779010000000OU00000000000000000000 0205090915145                           050915000000003800075640330010909150000000000000000000000000000000000000000000000000000000000000000000000000000000038000000000000000000000000000000000000000000000000000000010000000000000          0213470000010200000000000000000000000000000000000000000006
1020550856300010940330000093718000000                         000000059761010000000OU00000000000000000000 0205090915144                           050915000000000770010401430010909150000000000000000000000000000000000000000000000000000000000000000000000000000000007700000000000000000000000000000000000000000000000000000010000000000000          1925189900014300000000000000000000000000000000000000000007
1020550856300010940330000093718000000                         000000059217010000000OU00000000000000000000 020509091589                            050915000000000772010401430010909150000000000000000000000000000000000000000000000000000000000000000000005000000000007220000000000000000000000000000000000000000000000000000010000000000000          2284267200018700000000000000000000000000000000000000000008
1020550856300010940330000093718000000                         000000058950010000000OU00000000000000000000 020509091563                            050915000000005283575640330010909150000000000000000000000000000000000000000000000000000000000000000000000000000000052835000000000000000000000000000000000000000000000000000010000000000000          0399205200018000000000000000000000000000000000000000000009
1020550856300010940330000093718000000                         000000058791010000000OU00000000000000000000 020509091547                            050915000000003250010401430010909150000000000000000000000000000000000000000000000000000000000000000000000000000000032500000000000000000000000000000000000000000000000000000010000000000000          1196477300010400000000000000000000000000000000000000000010
1020550856300010940330000093718000000                         000000058380010000000OU00000000000000000000 02050909156                             100915000000004793675631550010909150000000000000000000000000000000000000000000000000000000000000000000000000000000047936000000000000000000000000000000000000000000000000000010000000000000          0414224700010100000000000000000000000000000000000000000011
9027564033SICOOB CREDICOPA         AVENIDA RUI BARBOSA                               CENTRO                        38740000PATROCÍNIO                    MG100920150000001000000004700                                                                                                                                                                                                                    000012
