02RETORNO01COBRANÇA       40330000067920093718CONTAL PROCESSAMENTO DE DADOS 756 - BANCOOB S/A 1108150000024                                                                                                                                                                                                                                                                                               000001
1020550856300010940330000093718000000                         000000054644010000000OU00000000000000000000 020510081539                            100815000000011291075640330011008150000000000000000000000000000000000000000000000000000000000000000000000000000000112910000000000000000000000000000000000000000000000000000010000000000000          6444062100017900000000000000000000000000000000000000000002
1020550856300010940330000093718000000                         000000054834010000000OU00000000000000000000 020510081558                            200815000000000440075640330011008150000000000000000000000000000000000000000000000000000000000000000000000000000000004400000000000000000000000000000000000000000000000000000010000000000000          1805844400014300000000000000000000000000000000000000000003
1020550856300010940330000093718000000                         000000055306010000000OU00000000000000000000 0205100815105                           100815000000005824010401430011008150000000000000000000000000000000000000000000000000000000000000000000000000000000058240000000000000000000000000000000000000000000000000000010000000000000          0520705200015700000000000000000000000000000000000000000004
1020550856300010940330000093718000000                         000000055550010000000OU00000000000000000000 0205100815130                           150815000000000883034114750011008150000000000000000000000000000000000000000000000000000000000000000000000000000000008830000000000000000000000000000000000000000000000000000010000000000000          1465806700012200000000000000000000000000000000000000000005
1020550856300010940330000093718000000                         000000055700010000000OU00000000000000000000 0205100815145                           100815000000004015010401430011008150000000000000000000000000000000000000000000000000000000000000000000000000000000040150000000000000000000000000000000000000000000000000000010000000000000          0869885500014000000000000000000000000000000000000000000006
1020550856300010940330000093718000000                         000000056164010000000OU00000000000000000000 0205100815191                           100815000000007732010401430011008150000000000000000000000000000000000000000000000000000000000000000000000000000000077320000000000000000000000000000000000000000000000000000010000000000000          1537771400019000000000000000000000000000000000000000000007
1020550856300010940330000093718000000                         000000056229010000000OU00000000000000000000 02051008151                             100815000000004063510433690011008150000000000000000000000000000000000000000000000000000000000000000000000000000000040635000000000000000000000000000000000000000000000000000010000000000000          0500836700017500000000000000000000000000000000000000000008
1020550856300010940330000093718000000                         000000056243010000000OU00000000000000000000 02051008153                             100815000000007687039900540011008150000000000000000000000000000000000000000000000000000000000000000000000000000000076870000000000000000000000000000000000000000000000000000010000000000000          1891041200012400000000000000000000000000000000000000000009
1020550856300010940330000093718000000                         000000056250010000000OU00000000000000000000 02051008154                             100815000000004570034114750011008150000000000000000000000000000000000000000000000000000000000000000000000000000000045700000000000000000000000000000000000000000000000000000010000000000000          0880836100017000000000000000000000000000000000000000000010
1020550856300010940330000093718000000                         000000046498010000000OU00000000000000000000 0205100815                              100815000000006267775640330991008150000145000000000000000000000000000000000000000000000000000000000000000000000000062677000000000000000000000000000000000000000000000000000010000000000000          0000000000000000000000000000000000000000000000000000000011
9027564033SICOOB CREDICOPA         AVENIDA RUI BARBOSA                               CENTRO                        38740000PATROCÍNIO                    MG110820150000001000000004700                                                                                                                                                                                                                    000012
