02RETORNO01COBRANÇA       40330000067920093718CONTAL PROCESSAMENTO DE DADOS 756 - BANCOOB S/A 1109150000031                                                                                                                                                                                                                                                                                               000001
1020550856300010940330000093718000000                         000000058870010000000OU00000000000000000000 020510091555                            100915000000008100639900540011009150000000000000000000000000000000000000000000000000000000000000000000000000000000081006000000000000000000000000000000000000000000000000000010000000000000          1891041200012400000000000000000000000000000000000000000002
1020550856300010940330000093718000000                         000000058587010000000OU00000000000000000000 020510091526                            100915000000006215010401430011009150000000000000000000000000000000000000000000000000000000000000000000000000000000062150000000000000000000000000000000000000000000000000000010000000000000          0551919700019300000000000000000000000000000000000000000003
1020550856300010940330000093718000000                         000000059002010000000OU00000000000000000000 020510091568                            100915000000003865010401430011009150000000000000000000000000000000000000000000000000000000000000000000000000000000038650000000000000000000000000000000000000000000000000000010000000000000          0788951700012200000000000000000000000000000000000000000004
1020550856300010940330000093718000000                         000000058333010000000OU00000000000000000000 02051009151                             100915000000004187010433690011009150000000000000000000000000000000000000000000000000000000000000000000000000000000041870000000000000000000000000000000000000000000000000000010000000000000          0500836700017500000000000000000000000000000000000000000005
1020550856300010940330000093718000000                         000000058928010000000OU00000000000000000000 020510091560                            200915000000000440010401430011009150000000000000000000000000000000000000000000000000000000000000000000000000000000004400000000000000000000000000000000000000000000000000000010000000000000          1805844400014300000000000000000000000000000000000000000006
1020550856300010940330000093718000000                         000000059518010000000OU00000000000000000000 0205100915119                           150915000000001540010401430011009150000000000000000000000000000000000000000000000000000000000000000000000000000000015400000000000000000000000000000000000000000000000000000010000000000000          1921303100015900000000000000000000000000000000000000000007
1020550856300010940330000093718000000                         000000060306010000000OU00000000000000000000 0205100915198                           100915000000003861010401430011009150000000000000000000000000000000000000000000000000000000000000000000000000000000038610000000000000000000000000000000000000000000000000000010000000000000          1537771400019000000000000000000000000000000000000000000008
1020550856300010940330000093718000000                         000000059350010000000OU00000000000000000000 0205100915103                           100915000000004975010401430011009150000000000000000000000000000000000000000000000000000000000000000000000000000000049750000000000000000000000000000000000000000000000000000010000000000000          0791666000016600000000000000000000000000000000000000000009
1020550856300010940330000093718000000                         000000059138010000000OU00000000000000000000 020510091581                            100915000000004570034114750011009150000000000000000000000000000000000000000000000000000000000000000000000000000000045700000000000000000000000000000000000000000000000000000010000000000000          0880836100017000000000000000000000000000000000000000000010
1020550856300010940330000093718000000                         000000059596010000000OU00000000000000000000 0205100915127                           150915000000000770010401430011009150000000000000000000000000000000000000000000000000000000000000000000000000000000007700000000000000000000000000000000000000000000000000000010000000000000          2113264100017000000000000000000000000000000000000000000011
1020550856300010940330000093718000000                         000000059399010000000OU00000000000000000000 0205100915107                           100915000000005822010401430011009150000000000000000000000000000000000000000000000000000000000000000000000000000000058220000000000000000000000000000000000000000000000000000010000000000000          0520705200015700000000000000000000000000000000000000000012
1020550856300010940330000093718000000                         000000059439010000000OU00000000000000000000 0205100915111                           050915000000000770075640330011009150000000000000000000000000000000000000000000000000000000000000000000000000000000007869000000000016900000000000000000000000000000000000000010000000000000          1903423800016600000000000000000000000000000000000000000013
9027564033SICOOB CREDICOPA         AVENIDA RUI BARBOSA                               CENTRO                        38740000PATROCÍNIO                    MG110920150000001200000004700                                                                                                                                                                                                                    000014
