02RETORNO01COBRANÇA       40330000067920093718CONTAL PROCESSAMENTO DE DADOS 756 - BANCOOB S/A 1308150000025                                                                                                                                                                                                                                                                                               000001
1020550856300010940330000093718000000                         000000046560010000000OU00000000000000000000 0205120815                              200815000000000883010401430991208150000145000000000000000000000000000000000000000000000000000000000000000000000000008830000000000000000000000000000000000000000000000000000010000000000000          0000000000000000000000000000000000000000000000000000000002
1020550856300010940330000093718000000                         000000054558010000000OU00000000000000000000 020512081530                            240815000000006199323715010011208150000000000000000000000000000000000000000000000000000000000000000000000000000000061993000000000000000000000000000000000000000000000000000010000000000000          0253889300015900000000000000000000000000000000000000000003
9027564033SICOOB CREDICOPA         AVENIDA RUI BARBOSA                               CENTRO                        38740000PATROCÍNIO                    MG130820150000000200000004700                                                                                                                                                                                                                    000004
