02RETORNO01COBRANÇA       40330000067920093718CONTAL PROCESSAMENTO DE DADOS 756 - BANCOOB S/A 0907150000015                                                                                                                                                                                                                                                                                               000001
1020550856300010940330000093718000000                         000000050719010000000OU00000000000000000000 020508071558                            200715000000000440039910770010807150000000000000000000000000000000000000000000000000000000000000000000000000000000004400000000000000000000000000000000000000000000000000000010000000000000          1805844400014300000000000000000000000000000000000000000002
1020550856300010940330000093718000000                         000000051086010000000OU00000000000000000000 020508071595                            050715000000004975075640330010807150000000000000000000000000000000000000000000000000000000000000000000000000000000050796000000000104600000000000000000000000000000000000000010000000000000          2122988200013100000000000000000000000000000000000000000003
1020550856300010940330000093718000000                         000000051172010000000OU00000000000000000000 0205080715104                           050715000000000828575640330010807150000000000000000000000000000000000000000000000000000000000000000000000000000000008460000000000017500000000000000000000000000000000000000010000000000000          1903423800016600000000000000000000000000000000000000000004
9027564033SICOOB CREDICOPA         AVENIDA RUI BARBOSA                               CENTRO                        38740000PATROCÍNIO                    MG090720150000000300000004700                                                                                                                                                                                                                    000005
