02RETORNO01COBRANÇA       40330000067920093718CONTAL PROCESSAMENTO DE DADOS 756 - BANCOOB S/A 1007150000016                                                                                                                                                                                                                                                                                               000001
1020550856300010940330000093718000000                         000000050314010000000OU00000000000000000000 020509071518                            100715000000002065075631550010907150000000000000000000000000000000000000000000000000000000000000000000000000000000020650000000000000000000000000000000000000000000000000000010000000000000          1558210100019500000000000000000000000000000000000000000002
1020550856300010940330000093718000000                         000000050385010000000OU00000000000000000000 020509071525                            100715000000010090938903020010907150000000000000000000000000000000000000000000000000000000000000000000000000000000100909000000000000000000000000000000000000000000000000000010000000000000          0551919700019300000000000000000000000000000000000000000003
1020550856300010940330000093718000000                         000000051133010000000OU00000000000000000000 0205090715100                           100715000000006136110401430010907150000000000000000000000000000000000000000000000000000000000000000000000000000000061361000000000000000000000000000000000000000000000000000010000000000000          0520705200015700000000000000000000000000000000000000000004
1020550856300010940330000093718000000                         000000051434010000000OU00000000000000000000 0205090715130                           050715000000000828575631550010907150000000000000000000000000000000000000000000000000000000000000000000000000000000008463000000000017800000000000000000000000000000000000000010000000000000          2177263400013200000000000000000000000000000000000000000005
1020550856300010940330000093718000000                         000000051520010000000OU00000000000000000000 0205090715139                           100715000000004015010401430010907150000000000000000000000000000000000000000000000000000000000000000000000000000000040150000000000000000000000000000000000000000000000000000010000000000000          0869885500014000000000000000000000000000000000000000000006
9027564033SICOOB CREDICOPA         AVENIDA RUI BARBOSA                               CENTRO                        38740000PATROCÍNIO                    MG100720150000000500000004700                                                                                                                                                                                                                    000007
