02RETORNO01COBRANÇA       40330000067920093718CONTAL PROCESSAMENTO DE DADOS 756 - BANCOOB S/A 0307150000011                                                                                                                                                                                                                                                                                               000001
1020550856300010940330000093718000000                         000000050496010000000OU00000000000000000000 020502071536                            050715000000000770010401430010207150000000000000000000000000000000000000000000000000000000000000000000000000000000007700000000000000000000000000000000000000000000000000000010000000000000          1675684600019600000000000000000000000000000000000000000002
1020550856300010940330000093718000000                         000000050550010000000OU00000000000000000000 020502071542                            050715000000000920023718920010207150000000000000000000000000000000000000000000000000000000000000000000000000000000009200000000000000000000000000000000000000000000000000000010000000000000          1963205000011000000000000000000000000000000000000000000003
1020550856300010940330000093718000000                         000000050701010000000OU00000000000000000000 020502071557                            050715000000005311039910770010207150000000000000000000000000000000000000000000000000000000000000000000000000000000053110000000000000000000000000000000000000000000000000000010000000000000          3867074100015200000000000000000000000000000000000000000004
1020550856300010940330000093718000000                         000000050916010000000OU00000000000000000000 020502071578                            050715000000005670775631550010207150000000000000000000000000000000000000000000000000000000000000000000000000000000056707000000000000000000000000000000000000000000000000000010000000000000          1787862500015300000000000000000000000000000000000000000005
1020550856300010940330000093718000000                         000000051015010000000OU00000000000000000000 020502071588                            050715000000000770010401430010207150000000000000000000000000000000000000000000000000000000000000000000000000000000007700000000000000000000000000000000000000000000000000000010000000000000          1482074700010900000000000000000000000000000000000000000006
1020550856300010940330000093718000000                         000000051205010000000OU00000000000000000000 0205020715107                           050715000000001080010401430010207150000000000000000000000000000000000000000000000000000000000000000000000000000000010800000000000000000000000000000000000000000000000000000010000000000000          0002668301661500000000000000000000000000000000000000000007
1020550856300010940330000093718000000                         000000051276010000000OU00000000000000000000 0205020715114                           050715000000000883010401430010207150000000000000000000000000000000000000000000000000000000000000000000000000000000008830000000000000000000000000000000000000000000000000000010000000000000          0001918678960000000000000000000000000000000000000000000008
1020550856300010940330000093718000000                         000000051348010000000OU00000000000000000000 0205020715121                           050715000000000713503336100010207150000000000000000000000000000000000000000000000000000000000000000000000000000000007135000000000000000000000000000000000000000000000000000010000000000000          1575658300015200000000000000000000000000000000000000000009
1020550856300010940330000093718000000                         000000051355010000000OU00000000000000000000 0205020715122                           050715000000003765000102740010207150000000000000000000000000000000000000000000000000000000000000000000000000000000037650000000000000000000000000000000000000000000000000000010000000000000          1044139600016600000000000000000000000000000000000000000010
1020550856300010940330000093718000000                         000000051695010000000OU00000000000000000000 0205020715156                           050715000000002766010401430010207150000000000000000000000000000000000000000000000000000000000000000000000000000000027660000000000000000000000000000000000000000000000000000010000000000000          0000877520267000000000000000000000000000000000000000000011
9027564033SICOOB CREDICOPA         AVENIDA RUI BARBOSA                               CENTRO                        38740000PATROCÍNIO                    MG030720150000001000000004700                                                                                                                                                                                                                    000012
