02RETORNO01COBRANÇA       40330000067920093718CONTAL PROCESSAMENTO DE DADOS 756 - BANCOOB S/A 0707150000013                                                                                                                                                                                                                                                                                               000001
1020550856300010940330000093718000000                         000000050203010000000OU00000000000000000000 02050607157                             050715000000000515075640330010607150000000000000000000000000000000000000000000000000000000000000000000000000000000005150000000000000000000000000000000000000000000000000000010000000000000          0000318131366100000000000000000000000000000000000000000002
1020550856300010940330000093718000000                         000000050235010000000OU00000000000000000000 020506071510                            050715000000004978503336100010607150000000000000000000000000000000000000000000000000000000000000000000000000000000049785000000000000000000000000000000000000000000000000000010000000000000          1047536900010400000000000000000000000000000000000000000003
1020550856300010940330000093718000000                         000000050242010000000OU00000000000000000000 020506071511                            050715000000001760010401430010607150000000000000000000000000000000000000000000000000000000000000000000000000000000017600000000000000000000000000000000000000000000000000000010000000000000          0002131697090600000000000000000000000000000000000000000004
1020550856300010940330000093718000000                         000000050267010000000OU00000000000000000000 020506071513                            050715000000005955000102740010607150000000000000000000000000000000000000000000000000000000000000000000000000000000059550000000000000000000000000000000000000000000000000000010000000000000          0345878000010600000000000000000000000000000000000000000005
1020550856300010940330000093718000000                         000000050339010000000OU00000000000000000000 020506071520                            050715000000004399010401430010607150000000000000000000000000000000000000000000000000000000000000000000000000000000043990000000000000000000000000000000000000000000000000000010000000000000          1806113200019900000000000000000000000000000000000000000006
1020550856300010940330000093718000000                         000000050353010000000OU00000000000000000000 020506071522                            050715000000003515000102740010607150000000000000000000000000000000000000000000000000000000000000000000000000000000035150000000000000000000000000000000000000000000000000000010000000000000          0547824400010600000000000000000000000000000000000000000007
1020550856300010940330000093718000000                         000000050464010000000OU00000000000000000000 020506071533                            050715000000000883010401430010607150000000000000000000000000000000000000000000000000000000000000000000000000000000008830000000000000000000000000000000000000000000000000000010000000000000          0006758932460400000000000000000000000000000000000000000008
1020550856300010940330000093718000000                         000000050511010000000OU00000000000000000000 020506071538                            050715000000012029500102740010607150000000000000000000000000000000000000000000000000000000000000000000000000000000120295000000000000000000000000000000000000000000000000000010000000000000          0833872000017300000000000000000000000000000000000000000009
1020550856300010940330000093718000000                         000000050590010000000OU00000000000000000000 020506071546                            050715000000003250010401430010607150000000000000000000000000000000000000000000000000000000000000000000000000000000032500000000000000000000000000000000000000000000000000000010000000000000          1196477300010400000000000000000000000000000000000000000010
1020550856300010940330000093718000000                         000000050740010000000OU00000000000000000000 020506071561                            050715000000005225075640330010607150000000000000000000000000000000000000000000000000000000000000000000000000000000052250000000000000000000000000000000000000000000000000000010000000000000          0399205200018000000000000000000000000000000000000000000011
1020550856300010940330000093718000000                         000000050805010000000OU00000000000000000000 020506071567                            050715000000007425500102740010607150000000000000000000000000000000000000000000000000000000000000000000000000000000074255000000000000000000000000000000000000000000000000000010000000000000          0460028600010500000000000000000000000000000000000000000012
1020550856300010940330000093718000000                         000000050812010000000OU00000000000000000000 020506071568                            050715000000000770010401430010607150000000000000000000000000000000000000000000000000000000000000000000000000000000007700000000000000000000000000000000000000000000000000000010000000000000          1303860800015700000000000000000000000000000000000000000013
1020550856300010940330000093718000000                         000000050837010000000OU00000000000000000000 020506071570                            050715000000003084000102740010607150000000000000000000000000000000000000000000000000000000000000000000000000000000030840000000000000000000000000000000000000000000000000000010000000000000          0555004800019700000000000000000000000000000000000000000014
1020550856300010940330000093718000000                         000000051061010000000OU00000000000000000000 020506071593                            050715000000003115000102740010607150000000000000000000000000000000000000000000000000000000000000000000000000000000031150000000000000000000000000000000000000000000000000000010000000000000          0627151500010200000000000000000000000000000000000000000015
1020550856300010940330000093718000000                         000000051093010000000OU00000000000000000000 020506071596                            050715000000004975010401430010607150000000000000000000000000000000000000000000000000000000000000000000000000000000049750000000000000000000000000000000000000000000000000000010000000000000          0791666000016600000000000000000000000000000000000000000016
1020550856300010940330000093718000000                         000000051119010000000OU00000000000000000000 020506071598                            050715000000003990000102740010607150000000000000000000000000000000000000000000000000000000000000000000000000000000039900000000000000000000000000000000000000000000000000000010000000000000          1515250000011600000000000000000000000000000000000000000017
1020550856300010940330000093718000000                         000000051480010000000OU00000000000000000000 0205060715135                           050715000000003800010401430010607150000000000000000000000000000000000000000000000000000000000000000000000000000000038000000000000000000000000000000000000000000000000000000010000000000000          0213470000010200000000000000000000000000000000000000000018
1020550856300010940330000093718000000                         000000051631010000000OU00000000000000000000 0205060715150                           050715000000018339323718920010607150000000000000000000000000000000000000000000000000000000000000000000000000000000183393000000000000000000000000000000000000000000000000000010000000000000          0597177900010600000000000000000000000000000000000000000019
1020550856300010940330000093718000000                         000000051649010000000OU00000000000000000000 0205060715151                           050715000000003211075640330010607150000000000000000000000000000000000000000000000000000000000000000000000000000000032110000000000000000000000000000000000000000000000000000010000000000000          2094410900019400000000000000000000000000000000000000000020
1020550856300010940330000093718000000                         000000051767010000000OU00000000000000000000 0205060715163                           050715000000001050010401430010607150000000000000000000000000000000000000000000000000000000000000000000000000000000010500000000000000000000000000000000000000000000000000000010000000000000          1322135700014100000000000000000000000000000000000000000021
1020550856300010940330000093718000000                         000000051799010000000OU00000000000000000000 0205060715166                           050715000000024293475631550010607150000000000000000000000000000000000000000000000000000000000000000000000000000000242934000000000000000000000000000000000000000000000000000010000000000000          1817433400022800000000000000000000000000000000000000000022
1020550856300010940330000093718000000                         000000051846010000000OU00000000000000000000 0205060715171                           050715000000001253510401430010607150000000000000000000000000000000000000000000000000000000000000000000000000000000012535000000000000000000000000000000000000000000000000000010000000000000          1898108900018000000000000000000000000000000000000000000023
1020550856300010940330000093718000000                         000000051853010000000OU00000000000000000000 0205060715172                           050715000000000883023718920010607150000000000000000000000000000000000000000000000000000000000000000000000000000000008830000000000000000000000000000000000000000000000000000010000000000000          0000729828964000000000000000000000000000000000000000000024
1020550856300010940330000093718000000                         000000051860010000000OU00000000000000000000 0205060715173                           050715000000006147100102740010607150000000000000000000000000000000000000000000000000000000000000000000000000000000061471000000000000000000000000000000000000000000000000000010000000000000          0783455500018800000000000000000000000000000000000000000025
1020550856300010940330000093718000000                         000000051900010000000OU00000000000000000000 0205060715177                           050715000000000512010401430010607150000000000000000000000000000000000000000000000000000000000000000000000000000000005120000000000000000000000000000000000000000000000000000010000000000000          0004913062565300000000000000000000000000000000000000000026
1020550856300010940330000093718000000                         000000051932010000000OU00000000000000000000 0205060715180                           050715000000004472100102740010607150000000000000000000000000000000000000000000000000000000000000000000000000000000044721000000000000000000000000000000000000000000000000000010000000000000          0592547800014600000000000000000000000000000000000000000027
1020550856300010940330000093718000000                         000000051940010000000OU00000000000000000000 0205060715181                           050715000000000770000102740010607150000000000000000000000000000000000000000000000000000000000000000000000000000000007700000000000000000000000000000000000000000000000000000010000000000000          0931541200019500000000000000000000000000000000000000000028
1020550856300010940330000093718000000                         000000052128010000000OU00000000000000000000 02050607154                             050715000000000883000102740010607150000000000000000000000000000000000000000000000000000000000000000000000000000000008830000000000000000000000000000000000000000000000000000010000000000000          0000443947660000000000000000000000000000000000000000000029
1020550856300010940330000093718000000                         000000052199010000000OU00000000000000000000 02050607157                             050715000000009147475631550010607150000000000000000000000000000000000000000000000000000000000000000000000000000000091474000000000000000000000000000000000000000000000000000010000000000000          1817433400030900000000000000000000000000000000000000000030
1020550856300010940330000093718000000                         000000050299010000000OU00000000000000000000 020503071516                            050715000000002870013658210010307150000000000000000000000000000000000000000000000000000000000000000000000000000000028700000000000000000000000000000000000000000000000000000010000000000000          2222411700019100000000000000000000000000000000000000000031
1020550856300010940330000093718000000                         000000050432010000000OU00000000000000000000 020503071530                            050715000000004913510401430010307150000000000000000000000000000000000000000000000000000000000000000000000000000000049135000000000000000000000000000000000000000000000000000010000000000000          2223410800018100000000000000000000000000000000000000000032
1020550856300010940330000093718000000                         000000050543010000000OU00000000000000000000 020503071541                            050715000000009039200102740010307150000000000000000000000000000000000000000000000000000000000000000000000000000000090392000000000000000000000000000000000000000000000000000010000000000000          2105068800019400000000000000000000000000000000000000000033
1020550856300010940330000093718000000                         000000050797010000000OU00000000000000000000 020503071566                            050715000000004308210401430010307150000000000000000000000000000000000000000000000000000000000000000000000000000000043082000000000000000000000000000000000000000000000000000010000000000000          0425159700010600000000000000000000000000000000000000000034
1020550856300010940330000093718000000                         000000050948010000000OU00000000000000000000 020503071581                            050715000000001407710401430010307150000000000000000000000000000000000000000000000000000000000000000000000000000000014077000000000000000000000000000000000000000000000000000010000000000000          0002888804964900000000000000000000000000000000000000000035
1020550856300010940330000093718000000                         000000051624010000000OU00000000000000000000 0205030715149                           050715000000002078575631550010307150000000000000000000000000000000000000000000000000000000000000000000000000000000020785000000000000000000000000000000000000000000000000000010000000000000          1462640500014400000000000000000000000000000000000000000036
1020550856300010940330000093718000000                         000000052031010000000OU00000000000000000000 0205030715                              050715000000022000000134780990307150000145000000000000000000000000000000000000000000000000000000000000000000000000220000000000000000000000000000000000000000000000000000000010000000000000          0000000000000000000000000000000000000000000000000000000037
1020550856300010940330000093718000000                         000000052207010000000OU00000000000000000000 02050307158                             050715000000020962075631550010307150000000000000000000000000000000000000000000000000000000000000000000000000000000209620000000000000000000000000000000000000000000000000000010000000000000          1817433400014700000000000000000000000000000000000000000038
9027564033SICOOB CREDICOPA         AVENIDA RUI BARBOSA                               CENTRO                        38740000PATROCÍNIO                    MG070720150000003700000004700                                                                                                                                                                                                                    000039
