02RETORNO01COBRANÇA       40330000067920093718CONTAL PROCESSAMENTO DE DADOS 756 - BANCOOB S/A 0807150000014                                                                                                                                                                                                                                                                                               000001
1020550856300010940330000093718000000                         000000050582010000000OU00000000000000000000 020507071545                            050715000000003165010401430010707150000000000000000000000000000000000000000000000000000000000000000000000000000000032916000000000126600000000000000000000000000000000000000010000000000000          1152408100014500000000000000000000000000000000000000000002
1020550856300010940330000093718000000                         000000050820010000000OU00000000000000000000 020507071569                            200715000000006854075631550010707150000000000000000000000000000000000000000000000000000000000000000000000000000000068540000000000000000000000000000000000000000000000000000010000000000000          0521138100017100000000000000000000000000000000000000000003
1020550856300010940330000093718000000                         000000051316010000000OU00000000000000000000 0205070715118                           200715000000001540010401430010707150000000000000000000000000000000000000000000000000000000000000000000000000000000015400000000000000000000000000000000000000000000000000000010000000000000          2032004900013900000000000000000000000000000000000000000004
1020550856300010940330000093718000000                         000000051441010000000OU00000000000000000000 0205070715131                           070715000000000700010401430010707150000000000000000000000000000000000000000000000000000000000000000000000000000000007000000000000000000000000000000000000000000000000000000010000000000000          0002876625369100000000000000000000000000000000000000000005
1020550856300010940330000093718000000                         000000051918010000000OU00000000000000000000 0205070715178                           070715000000003816003336100010707150000000000000000000000000000000000000000000000000000000000000000000000000000000038160000000000000000000000000000000000000000000000000000010000000000000          0000067250564900000000000000000000000000000000000000000006
1020550856300010940330000093718000000                         000000051989010000000OU00000000000000000000 0205070715185                           050715000000001700075631550010707150000000000000000000000000000000000000000000000000000000000000000000000000000000017352000000000035200000000000000000000000000000000000000010000000000000          0000428122868300000000000000000000000000000000000000000007
1020550856300010940330000093718000000                         000000052260010000000OU00000000000000000000 02050707152                             150715000000000883034114750010707150000000000000000000000000000000000000000000000000000000000000000000000000000000008830000000000000000000000000000000000000000000000000000010000000000000          1465806700012200000000000000000000000000000000000000000008
9027564033SICOOB CREDICOPA         AVENIDA RUI BARBOSA                               CENTRO                        38740000PATROCÍNIO                    MG080720150000000700000004700                                                                                                                                                                                                                    000009
