02RETORNO01COBRANÇA       40330000067920093718CONTAL PROCESSAMENTO DE DADOS 756 - BANCOOB S/A 0207150000009                                                                                                                                                                                                                                                                                               000001
1020550856300010940330000093718000000                         000000050869010000000OU00000000000000000000 020501071573                            050715000000000390034114750010107150000000000000000000000000000000000000000000000000000000000000000000000000000000003900000000000000000000000000000000000000000000000000000010000000000000          0000453745164500000000000000000000000000000000000000000002
1020550856300010940330000093718000000                         000000051427010000000OU00000000000000000000 0205010715129                           050715000000001202723718920010107150000000000000000000000000000000000000000000000000000000000000000000000000000000012027000000000000000000000000000000000000000000000000000010000000000000          0000070430667000000000000000000000000000000000000000000003
1020550856300010940330000093718000000                         000000051656010000000OU00000000000000000000 0205010715152                           050715000000003122300102740010107150000000000000000000000000000000000000000000000000000000000000000000000000000000031223000000000000000000000000000000000000000000000000000010000000000000          1986741800012900000000000000000000000000000000000000000004
1020550856300010940330000093718000000                         000000052214010000000OU00000000000000000000 02050107151                             200715000000007409623715010010107150000145000000000000000000000000000000000000000000000000000000000000000000000000074096000000000000000000000000000000000000000000000000000010000000000000          0253889300015900000000000000000000000000000000000000000005
9027564033SICOOB CREDICOPA         AVENIDA RUI BARBOSA                               CENTRO                        38740000PATROCÍNIO                    MG020720150000000400000004700                                                                                                                                                                                                                    000006
