02RETORNO01COBRANÇA       40330000067920093718CONTAL PROCESSAMENTO DE DADOS 756 - BANCOOB S/A 1507150000017                                                                                                                                                                                                                                                                                               000001
1020550856300010940330000093718000000                         000000052174010000000OU00000000000000000000 02051407155                             150715000000000770010401430011407150000000000000000000000000000000000000000000000000000000000000000000000000000000007700000000000000000000000000000000000000000000000000000010000000000000          2113264100017000000000000000000000000000000000000000000002
9027564033SICOOB CREDICOPA         AVENIDA RUI BARBOSA                               CENTRO                        38740000PATROCÍNIO                    MG150720150000000100000004700                                                                                                                                                                                                                    000003
