02RETORNO01COBRANÇA       40330000067920093718CONTAL PROCESSAMENTO DE DADOS 756 - BANCOOB S/A 1607150000018                                                                                                                                                                                                                                                                                               000001
1020550856300010940330000093718000000                         000000051964010000000OU00000000000000000000 0205150715183                           200715000000000770010401430011507150000000000000000000000000000000000000000000000000000000000000000000000000000000007700000000000000000000000000000000000000000000000000000010000000000000          1832976000010200000000000000000000000000000000000000000002
1020550856300010940330000093718000000                         000000051584010000000OU00000000000000000000 0205150715145                           150715000000001253010401430011507150000000000000000000000000000000000000000000000000000000000000000000000000000000012530000000000000000000000000000000000000000000000000000010000000000000          2026324500011900000000000000000000000000000000000000000003
1020550856300010940330000093718000000                         000000050693010000000OU00000000000000000000 020515071556                            200715000000003515075631550011507150000000000000000000000000000000000000000000000000000000000000000000000000000000035150000000000000000000000000000000000000000000000000000010000000000000          1707847300010400000000000000000000000000000000000000000004
1020550856300010940330000093718000000                         000000050163010000000OU00000000000000000000 02051507153                             150715000000006308000102740011507150000000000000000000000000000000000000000000000000000000000000000000000000000000063080000000000000000000000000000000000000000000000000000010000000000000          0581832400015500000000000000000000000000000000000000000005
9027564033SICOOB CREDICOPA         AVENIDA RUI BARBOSA                               CENTRO                        38740000PATROCÍNIO                    MG160720150000000400000004700                                                                                                                                                                                                                    000006
