02RETORNO01COBRANÇA       40330000067920093718CONTAL PROCESSAMENTO DE DADOS 756 - BANCOOB S/A 2807150000019                                                                                                                                                                                                                                                                                               000001
1020550856300010940330000093718000000                         000000050536010000000OU00000000000000000000 020527071540                            250715000000011337275640330012707150000000000000000000000000000000000000000000000000000000000000000000000000000000113372000000000000000000000000000000000000000000000000000010000000000000          6444062100017900000000000000000000000000000000000000000002
1020550856300010940330000093718000000                         000000050758010000000OU00000000000000000000 020527071562                            250715000000005788813658210012707150000000000000000000000000000000000000000000000000000000000000000000000000000000057888000000000000000000000000000000000000000000000000000010000000000000          1800873700011600000000000000000000000000000000000000000003
1020550856300010940330000093718000000                         000000050909010000000OU00000000000000000000 020527071577                            250715000000004884134114750012707150000000000000000000000000000000000000000000000000000000000000000000000000000000048841000000000000000000000000000000000000000000000000000010000000000000          0213470100014900000000000000000000000000000000000000000004
1020550856300010940330000093718000000                         000000052300010000000OU00000000000000000000 0205270715                              250715000000000883000102740992707150000145000000000000000000000000000000000000000000000000000000000000000000000000008830000000000000000000000000000000000000000000000000000010000000000000          0000000000000000000000000000000000000000000000000000000005
9027564033SICOOB CREDICOPA         AVENIDA RUI BARBOSA                               CENTRO                        38740000PATROCÍNIO                    MG280720150000000400000004700                                                                                                                                                                                                                    000006
