75600000         205508563000109                    0403390000000093718 Contal Processamento de Dados SICOOB                                  10401202315182800136108100000                                                                     
75600011R01  040 2005508563000109                    0403390000000093718 Contal Processamento de Dados                                                                                 000013610401202300000000                                 
7560001300001P 010403390000000093718 000049345801014     10 221              1001202300000000000110000000 02N04012023200000000000000000000100000000000000000000000000000000000000000000000000000000                         1050   090000000000 
7560001300002Q 012022240492000125WESLEY BATISTA DA SILVA 78394538649     RUA PAPAGAIO, 131                       MORADA DO SOL  38744832PATROCINIO     MG0000000000000000                                        000                            
7560001300003R 01000000000000000000000000000000000000000000000000200000000000000000000200          APÓS O VENCIMENTO MULTA DE R$ 0,22      JUROS APOS VENCIMENTO 0,00                                  0000000000000000 000000000000  0         
7560001300004S 013APÓS O VENCIMENTO MULTA DE R$ 0,22JUROS APOS VENCIMENTO 0,00SUJEITO A PROTESTO APÓS 5 DIAS DO VENCIMENTO                                                                                                                      
75600015         00000600000100000000000001100000000000000000000000000000000000000000000000000000000000000000000000                                                                                                                             
75699999         000001000008000000                                                                                                                                                                                                             
