75600000         205508563000109                    0403390000000093718 Contal Processamento de Dados SICOOB                                  12601202309182800136208100000                                                                     
75600011R01  040 2005508563000109                    0403390000000093718 Contal Processamento de Dados                                                                                 000013622601202300000000                                 
7560001300001P 010403390000000093718 000049346501014     10 221              0502202300000000014210000000 02N26012023200000000000000000000100000000000000000000000000000000000000000000000000000000                         1050   090000000000 
7560001300002Q 011000008487726607BRUNO GONCALVES CHAGAS                  FAZENDA SAO BERNARDO                    ZONA RURAL     38748899PATROCINIO     MG0000000000000000                                        000                            
7560001300003R 01000000000000000000000000000000000000000000000000200000000000000000000200          APÓS O VENCIMENTO MULTA DE R$ 28,42     JUROS APOS VENCIMENTO 0,47                                  0000000000000000 000000000000  0         
7560001300004S 013APÓS O VENCIMENTO MULTA DE R$ 28,42JUROS APOS VENCIMENTO 0,47SUJEITO A PROTESTO APÓS 5 DIAS DO VENCIMENTO                                                                                                                     
7560001300005P 010403390000000093718 000049347201014     10 222              0502202300000000011200000000 02N26012023200000000000000000000100000000000000000000000000000000000000000000000000000000                         1050   090000000000 
7560001300006Q 012036875357000160BRUNO GONCALVES CHAGAS                  RUA RODOLPHO LEMOS DE CASTRO  1071      OURO PRETO     38747330PATROCINIO     MG0000000000000000                                        000                            
7560001300007R 01000000000000000000000000000000000000000000000000200000000000000000000200          APÓS O VENCIMENTO MULTA DE R$ 22,40     JUROS APOS VENCIMENTO 0,37                                  0000000000000000 000000000000  0         
7560001300008S 013APÓS O VENCIMENTO MULTA DE R$ 22,40JUROS APOS VENCIMENTO 0,37SUJEITO A PROTESTO APÓS 5 DIAS DO VENCIMENTO                                                                                                                     
75600015         00001000000200000000000254100000000000000000000000000000000000000000000000000000000000000000000000                                                                                                                             
75699999         000001000012000000                                                                                                                                                                                                             
