75600000         205508563000109                    0403390000000093718 Contal Processamento de Dados SICOOB                                  13001202308320600136908100000                                                                     
75600011R01  040 2005508563000109                    0403390000000093718 Contal Processamento de Dados                                                                                 000013693001202300000000                                 
7560001300001P 010403390000000093718 000049667501014     10 221              1002202300000000001700000000 02N30012023200000000000000000000100000000000000000000000000000000000000000000000000000000                         1050   090000000000 
7560001300002Q 012049203684000118EVANDO FERNANDES ALVES                  RUA MAJOR ALVIM, 1425                   MARCIANO BRADAO38740466PATROCINIO     MG0000000000000000                                        000                            
7560001300003R 01000000000000000000000000000000000000000000000000200000000000000000000200           3,40                                    0,06                                                       0000000000000000 000000000000  0         
7560001300004S 013 3,40 0,06SUJEITO A PROTESTO APÓS 5 DIAS DO VENCIMENTO                                                                                                                                                                        
7560001300005P 010403390000000093718 000049668201014     10 222              1002202300000000002560000000 02N30012023200000000000000000000100000000000000000000000000000000000000000000000000000000                         1050   090000000000 
7560001300006Q 012000442675986687MAURICIO JOAQUIM DE AVILA               RUA CASSIMIRO SANTOS, 236               CENTRO         38740162PATROCINIO     MG0000000000000000                                        000                            
7560001300007R 01000000000000000000000000000000000000000000000000200000000000000000000200           5,12                                    0,09                                                       0000000000000000 000000000000  0         
7560001300008S 013 5,12 0,09SUJEITO A PROTESTO APÓS 5 DIAS DO VENCIMENTO                                                                                                                                                                        
75600015         00001000000200000000000042600000000000000000000000000000000000000000000000000000000000000000000000                                                                                                                             
75699999         000001000012000000                                                                                                                                                                                                             
