75600000         205508563000109                    0403390000000093718 Contal Processamento de Dados SICOOB                                  10602202314084200137008100000                                                                     
75600011R01  040 2005508563000109                    0403390000000093718 Contal Processamento de Dados                                                                                 000013700602202300000000                                 
7560001300001P 010403390000000093718 000049669001014     10 221              1002202300000000000710000000 02N06022023200000000000000000000100000000000000000000000000000000000000000000000000000000                         1050   090000000000 
7560001300002Q 012003877987000115ASSOCIACAO DOS MISSIONARIOS DO ORIENTE  AVENIDA ELIAS JOSE DE ABRAO,            CRUZEIRO DA SER38740000PATROCINIO     MG0000000000000000                                        000                            
7560001300003R 01000000000000000000000000000000000000000000000000200000000000000000000200           1,42                                    0,02                                                       0000000000000000 000000000000  0         
7560001300004S 013 1,42 0,02SUJEITO A PROTESTO APÓS 5 DIAS DO VENCIMENTO                                                                                                                                                                        
7560001300005P 010403390000000093718 000049670801014     10 222              1002202300000000004243500000 02N06022023200000000000000000000100000000000000000000000000000000000000000000000000000000                         1050   090000000000 
7560001300006Q 011000067589324604CLAUDINEI BATISTA GONCALVES             FAZENDA ESMERIL                         ZONA RURAL     38740000PATROCINIO     MG0000000000000000                                        000                            
7560001300007R 01000000000000000000000000000000000000000000000000200000000000000000000200           8,49                                    0,14                                                       0000000000000000 000000000000  0         
7560001300008S 013 8,49 0,14SUJEITO A PROTESTO APÓS 5 DIAS DO VENCIMENTO                                                                                                                                                                        
7560001300009P 010403390000000093718 000049671501014     10 223              1002202300000000001330000000 02N06022023200000000000000000000100000000000000000000000000000000000000000000000000000000                         1050   090000000000 
7560001300010Q 012021772634000132MARCOS CESAR MARTINS                    RUA SUECIA, 473                         NACOES         38740000PATROCINIO     MG0000000000000000                                        000                            
7560001300011R 01000000000000000000000000000000000000000000000000200000000000000000000200           2,66                                    0,04                                                       0000000000000000 000000000000  0         
7560001300012S 013 2,66 0,04SUJEITO A PROTESTO APÓS 5 DIAS DO VENCIMENTO                                                                                                                                                                        
75600015         00001400000300000000000062835000000000000000000000000000000000000000000000000000000000000000000000                                                                                                                             
75699999         000001000016000000                                                                                                                                                                                                             
