75600000         205508563000109                    0403390000000093718 Contal Processamento de Dados SICOOB                                  10802202310174900137108100000                                                                     
75600011R01  040 2005508563000109                    0403390000000093718 Contal Processamento de Dados                                                                                 000013710802202300000000                                 
7560001300001P 010403390000000093718 000049672201014     10 221              1502202300000000006500000000 02N08022023200000000000000000000100000000000000000000000000000000000000000000000000000000                         1050   090000000000 
7560001300002Q 012022052996000111CONSTRUTORA NAPOLI LTDA                 RUA JOAQUM CARLOS DOS SANTOS, 656       CONSTANTINO    38740036PATROCINIO     MG0000000000000000                                        000                            
7560001300003R 01000000000000000000000000000000000000000000000000200000000000000000000200           13,00                                   0,22                                                       0000000000000000 000000000000  0         
7560001300004S 013 13,00 0,22SUJEITO A PROTESTO APÓS 5 DIAS DO VENCIMENTO                                                                                                                                                                       
75600015         00000600000100000000000065000000000000000000000000000000000000000000000000000000000000000000000000                                                                                                                             
75699999         000001000008000000                                                                                                                                                                                                             
