75600000         205508563000109                    0403390000000093718 Contal Processamento de Dados SICOOB                                  10802202315480100137208100000                                                                     
75600011R01  040 2005508563000109                    0403390000000093718 Contal Processamento de Dados                                                                                 000013720802202300000000                                 
7560001300001P 010403390000000093718 000049673001014     10 221              0902202300000000018420000000 02N08022023200000000000000000000100000000000000000000000000000000000000000000000000000000                         1050   090000000000 
7560001300002Q 012017674326000105CRIAR INCORP E EDIFICIOS LTDA           RUA MARANHAO,                           CONEGO GETULIO 38700000PATOS DE MINAS MG0000000000000000                                        000                            
7560001300003R 01000000000000000000000000000000000000000000000000200000000000000000000200           36,84                                   0,61                                                       0000000000000000 000000000000  0         
7560001300004S 013 36,84 0,61SUJEITO A PROTESTO APÓS 5 DIAS DO VENCIMENTO                                                                                                                                                                       
75600015         00000600000100000000000184200000000000000000000000000000000000000000000000000000000000000000000000                                                                                                                             
75699999         000001000008000000                                                                                                                                                                                                             
