75600000         205508563000109                    0403390000000093718 Contal Processamento de Dados SICOOB                                  10802202315542900137308100000                                                                     
75600011R01  040 2005508563000109                    0403390000000093718 Contal Processamento de Dados                                                                                 000013730802202300000000                                 
7560001300001P 010403390000000093718 000049674701014     10 221              2502202300000000014553000000 02N08022023200000000000000000000100000000000000000000000000000000000000000000000000000000                         1050   090000000000 
7560001300002Q 012019281246000107COMERCIAL CESAR ALEXANDRE LTDA ME       AV MARCIANO PIRES, 2043                 SAO CRISTOVAO  38740000PATROCINIO     MG0000000000000000                                        000                            
7560001300003R 01000000000000000000000000000000000000000000000000200000000000000000000200           29,11                                   0,49                                                       0000000000000000 000000000000  0         
7560001300004S 013 29,11 0,49SUJEITO A PROTESTO APÓS 5 DIAS DO VENCIMENTO                                                                                                                                                                       
7560001300005P 010403390000000093718 000049675401014     10 222              2502202300000000015420000000 02N08022023200000000000000000000100000000000000000000000000000000000000000000000000000000                         1050   090000000000 
7560001300006Q 012002134701000149FAUSTO ALEXANDRE CUNHA ME               AV MARCIANO PIRES, 1914                 SAO CRISTOVAO  38740000PATROCINIO     MG0000000000000000                                        000                            
7560001300007R 01000000000000000000000000000000000000000000000000200000000000000000000200           30,84                                   0,51                                                       0000000000000000 000000000000  0         
7560001300008S 013 30,84 0,51SUJEITO A PROTESTO APÓS 5 DIAS DO VENCIMENTO                                                                                                                                                                       
75600015         00001000000200000000000299730000000000000000000000000000000000000000000000000000000000000000000000                                                                                                                             
75699999         000001000012000000                                                                                                                                                                                                             
