75600000         205508563000109                    0403390000000093718 Contal Processamento de Dados SICOOB                                  11302202311011100137408100000                                                                     
75600011R01  040 2005508563000109                    0403390000000093718 Contal Processamento de Dados                                                                                 000013741302202300000000                                 
7560001300001P 010403390000000093718 000049676101014     10 221              1003202300000000001570000000 02N13022023200000000000000000000100000000000000000000000000000000000000000000000000000000                         1050   090000000000 
7560001300002Q 011000008028724680ELDER LUCAS CORREA                      FAZENDA BOA VISTA                       ZONA RURAL     38740000PATROCINIO     MG0000000000000000                                        000                            
7560001300003R 01000000000000000000000000000000000000000000000000200000000000000000000200           3,14                                    0,05                                                       0000000000000000 000000000000  0         
7560001300004S 013 3,14 0,05SUJEITO A PROTESTO APÓS 5 DIAS DO VENCIMENTO                                                                                                                                                                        
75600015         00000600000100000000000015700000000000000000000000000000000000000000000000000000000000000000000000                                                                                                                             
75699999         000001000008000000                                                                                                                                                                                                             
