75600000         205508563000109                    0403390000000093718 Contal Processamento de Dados SICOOB                                  11302202315541700137508100000                                                                     
75600011R01  040 2005508563000109                    0403390000000093718 Contal Processamento de Dados                                                                                 000013751302202300000000                                 
7560001300001P 010403390000000093718 000049677901014     10 221              1602202300000000009008000000 02N13022023200000000000000000000100000000000000000000000000000000000000000000000000000000                         1050   090000000000 
7560001300002Q 012022238745000126ASSOCIACAO DOS CAFEICULTORES DA REGIAO DRUA MARECHAL FLORIANO                   CENTRO         38747070PATROCINIO     MG0000000000000000                                        000                            
7560001300003R 01000000000000000000000000000000000000000000000000200000000000000000000200           18,02                                   0,30                                                       0000000000000000 000000000000  0         
7560001300004S 013 18,02 0,30SUJEITO A PROTESTO APÓS 5 DIAS DO VENCIMENTO                                                                                                                                                                       
7560001300005P 010403390000000093718 000049678601014     10 222              1602202300000000002956000000 02N13022023200000000000000000000100000000000000000000000000000000000000000000000000000000                         1050   090000000000 
7560001300006Q 011000040619508604FABIO PEREIRA DE ALMEIDA                RUA MARECHAL FLORIANO,                  CENTRO         38740086PATROCINIO     MG0000000000000000                                        000                            
7560001300007R 01000000000000000000000000000000000000000000000000200000000000000000000200           5,91                                    0,10                                                       0000000000000000 000000000000  0         
7560001300008S 013 5,91 0,10SUJEITO A PROTESTO APÓS 5 DIAS DO VENCIMENTO                                                                                                                                                                        
7560001300009P 010403390000000093718 000049679301014     10 223              1602202300000000005020000000 02N13022023200000000000000000000100000000000000000000000000000000000000000000000000000000                         1050   090000000000 
7560001300010Q 012024842260000172GUSTAVO ORLANDO FIGUEIREDO GUIMARAES ME RUA PADRE EUSTAQUIO                     CIDADE JARDIM  38747100PATROCINIO     MG0000000000000000                                        000                            
7560001300011R 01000000000000000000000000000000000000000000000000200000000000000000000200           10,04                                   0,17                                                       0000000000000000 000000000000  0         
7560001300012S 013 10,04 0,17SUJEITO A PROTESTO APÓS 5 DIAS DO VENCIMENTO                                                                                                                                                                       
7560001300013P 010403390000000093718 000049680101014     10 224              1602202300000000002908000000 02N13022023200000000000000000000100000000000000000000000000000000000000000000000000000000                         1050   090000000000 
7560001300014Q 011000062644440653HAMILTON CESAR CARNEIRO                 RUA OTAVIO DE BRITO, 171                CIDADE JARDIM  38747084PATROCINIO     MG0000000000000000                                        000                            
7560001300015R 01000000000000000000000000000000000000000000000000200000000000000000000200           5,82                                    0,10                                                       0000000000000000 000000000000  0         
7560001300016S 013 5,82 0,10SUJEITO A PROTESTO APÓS 5 DIAS DO VENCIMENTO                                                                                                                                                                        
7560001300017P 010403390000000093718 000049681901014     10 225              1602202300000000003436000000 02N13022023200000000000000000000100000000000000000000000000000000000000000000000000000000                         1050   090000000000 
7560001300018Q 012007658543000140MARCELO SILVA                           RUA SILVESTRE MOREIRA, 2816             SANTA TEREZINHA38742058PATROCINIO     MG0000000000000000                                        000                            
7560001300019R 01000000000000000000000000000000000000000000000000200000000000000000000200           6,87                                    0,11                                                       0000000000000000 000000000000  0         
7560001300020S 013 6,87 0,11SUJEITO A PROTESTO APÓS 5 DIAS DO VENCIMENTO                                                                                                                                                                        
75600015         00002200000500000000000233280000000000000000000000000000000000000000000000000000000000000000000000                                                                                                                             
75699999         000001000024000000                                                                                                                                                                                                             
