75600000         205508563000109                    0403390000000093718 Contal Processamento de Dados SICOOB                                  11402202309113900137608100000                                                                     
75600011R01  040 2005508563000109                    0403390000000093718 Contal Processamento de Dados                                                                                 000013761402202300000000                                 
7560001300001P 010403390000000093718 000049682601014     10 221              2202202300000000005000000000 02N14022023200000000000000000000100000000000000000000000000000000000000000000000000000000                         1050   090000000000 
7560001300002Q 012040023951000109CRISTAIS TINTAS LTDA                    AV ODIR ALEIXO 1539                     ENEAS F DE AGUI38741080PATROCINIO     MG0000000000000000                                        000                            
7560001300003R 01000000000000000000000000000000000000000000000000200000000000000000000200           10,00                                   0,17                                                       0000000000000000 000000000000  0         
7560001300004S 013 10,00 0,17SUJEITO A PROTESTO APÓS 5 DIAS DO VENCIMENTO                                                                                                                                                                       
7560001300005P 010403390000000093718 000049683301014     10 222              2202202300000000002560000000 02N14022023200000000000000000000100000000000000000000000000000000000000000000000000000000                         1050   090000000000 
7560001300006Q 012048001526000112GEOVANE JOAO DOS SANTOS                 RUA FRANCISCO RAMOS, 530                BOA ESPERANCA  38747146PATROCINIO     MG0000000000000000                                        000                            
7560001300007R 01000000000000000000000000000000000000000000000000200000000000000000000200           5,12                                    0,09                                                       0000000000000000 000000000000  0         
7560001300008S 013 5,12 0,09SUJEITO A PROTESTO APÓS 5 DIAS DO VENCIMENTO                                                                                                                                                                        
75600015         00001000000200000000000075600000000000000000000000000000000000000000000000000000000000000000000000                                                                                                                             
75699999         000001000012000000                                                                                                                                                                                                             
