75600000         205508563000109                    0403390000000093718 Contal Processamento de Dados SICOOB                                  11402202309122700137708100000                                                                     
75600011R01  040 2005508563000109                    0403390000000093718 Contal Processamento de Dados                                                                                 000013771402202300000000                                 
7560001300001P 010403390000000093718 000049684001014     10 221              2802202300000000003010000000 02N14022023200000000000000000000100000000000000000000000000000000000000000000000000000000                         1050   090000000000 
7560001300002Q 012040023951000109CRISTAIS TINTAS LTDA                    AV ODIR ALEIXO 1539                     ENEAS F DE AGUI38741080PATROCINIO     MG0000000000000000                                        000                            
7560001300003R 01000000000000000000000000000000000000000000000000200000000000000000000200           6,02                                    0,10                                                       0000000000000000 000000000000  0         
7560001300004S 013 6,02 0,10SUJEITO A PROTESTO APÓS 5 DIAS DO VENCIMENTO                                                                                                                                                                        
75600015         00000600000100000000000030100000000000000000000000000000000000000000000000000000000000000000000000                                                                                                                             
75699999         000001000008000000                                                                                                                                                                                                             
