75600000         205508563000109                    0403390000000093718 Contal Processamento de Dados SICOOB                                  11502202314390300137808100000                                                                     
75600011R01  040 2005508563000109                    0403390000000093718 Contal Processamento de Dados                                                                                 000013781502202300000000                                 
7560001300001P 010403390000000093718 000049685801014     10 221              2002202300000000011903700000 02N15022023200000000000000000000100000000000000000000000000000000000000000000000000000000                         1050   090000000000 
7560001300002Q 012034822472000141AGROVEREDAS REPRESENTACOES EIRELI       RUA PROF JOAO DE MELO                   SANTA TEREZINHA38740000PATROCINIO     MG0000000000000000                                        000                            
7560001300003R 01000000000000000000000000000000000000000000000000200000000000000000000200           23,81                                   0,40                                                       0000000000000000 000000000000  0         
7560001300004S 013 23,81 0,40SUJEITO A PROTESTO APÓS 5 DIAS DO VENCIMENTO                                                                                                                                                                       
7560001300005P 010403390000000093718 000049686501014     10 222              2002202300000000012589500000 02N15022023200000000000000000000100000000000000000000000000000000000000000000000000000000                         1050   090000000000 
7560001300006Q 012006063113000112SOCIEDADE DE ENSINO FUNDAMENTAL LTDA    RUA TEODORO GONCALVES, 116              N SRA DE FATIMA38744532PATROCINIO     MG0000000000000000                                        000                            
7560001300007R 01000000000000000000000000000000000000000000000000200000000000000000000200           25,18                                   0,42                                                       0000000000000000 000000000000  0         
7560001300008S 013 25,18 0,42SUJEITO A PROTESTO APÓS 5 DIAS DO VENCIMENTO                                                                                                                                                                       
7560001300009P 010403390000000093718 000049687201014     10 223              2002202300000000024087000000 02N15022023200000000000000000000100000000000000000000000000000000000000000000000000000000                         1050   090000000000 
7560001300010Q 012020721726000120SOCIEDADE EDUCACIONAL DE PATROCINIO LTDARUA JOAQUIM CARLOS DOS SANTOS           N SRA DE FATIMA38744532PATROCINIO     MG0000000000000000                                        000                            
7560001300011R 01000000000000000000000000000000000000000000000000200000000000000000000200           48,17                                   0,80                                                       0000000000000000 000000000000  0         
7560001300012S 013 48,17 0,80SUJEITO A PROTESTO APÓS 5 DIAS DO VENCIMENTO                                                                                                                                                                       
75600015         00001400000300000000000485802000000000000000000000000000000000000000000000000000000000000000000000                                                                                                                             
75699999         000001000016000000                                                                                                                                                                                                             
