75600000         205508563000109                    0403390000000093718 Contal Processamento de Dados SICOOB                                  12402202316131600138108100000                                                                     
75600011R01  040 2005508563000109                    0403390000000093718 Contal Processamento de Dados                                                                                 000013812402202300000000                                 
7560001300001P 010403390000000093718 000050008501014     10 221              2702202300000000005000000000 02N24022023200000000000000000000100000000000000000000000000000000000000000000000000000000                         1050   090000000000 
7560001300002Q 012040023951000109CRISTAIS TINTAS LTDA                    AV ODIR ALEIXO 1539                     ENEAS F DE AGUI38741080PATROCINIO     MG0000000000000000                                        000                            
7560001300003R 01000000000000000000000000000000000000000000000000200000000000000000000200           10,00                                   0,17                                                       0000000000000000 000000000000  0         
7560001300004S 013 10,00 0,17SUJEITO A PROTESTO APÓS 5 DIAS DO VENCIMENTO                                                                                                                                                                       
75600015         00000600000100000000000050000000000000000000000000000000000000000000000000000000000000000000000000                                                                                                                             
75699999         000001000008000000                                                                                                                                                                                                             
