75600000         205508563000109                    0403390000000093718 Contal Processamento de Dados SICOOB                                  10103202309092200138208100000                                                                     
75600011R01  040 2005508563000109                    0403390000000093718 Contal Processamento de Dados                                                                                 000013820103202300000000                                 
7560001300001P 010403390000000093718 000050009201014     10 221              0503202300000000012539000000 02N01032023200000000000000000000100000000000000000000000000000000000000000000000000000000                         1050   090000000000 
7560001300002Q 012030620951000124BRASIL VISTORIA VEICULAR EIRELI         RUA PRESIDENTE VARGAS,  2754            SAO JUDAS      38740000PATROCINIO     MG0000000000000000                                        000                            
7560001300003R 01000000000000000000000000000000000000000000000000200000000000000000000200           25,08                                   0,42                                                       0000000000000000 000000000000  0         
7560001300004S 013 25,08 0,42SUJEITO A PROTESTO APÓS 5 DIAS DO VENCIMENTO                                                                                                                                                                       
7560001300005P 010403390000000093718 000050010001014     10 222              0503202300000000006000000000 02N01032023200000000000000000000100000000000000000000000000000000000000000000000000000000                         1050   090000000000 
7560001300006Q 012020216527000165MAIS AGRO EMPREENDIMENTOS IMOBILIARIO SLFAZENDA BR 462 KM 05                    ZONA RURAL     38740000PATROCINIO     MG0000000000000000                                        000                            
7560001300007R 01000000000000000000000000000000000000000000000000200000000000000000000200           12,00                                   0,20                                                       0000000000000000 000000000000  0         
7560001300008S 013 12,00 0,20SUJEITO A PROTESTO APÓS 5 DIAS DO VENCIMENTO                                                                                                                                                                       
7560001300009P 010403390000000093718 000050011801014     10 223              0503202300000000003494000000 02N01032023200000000000000000000100000000000000000000000000000000000000000000000000000000                         1050   090000000000 
7560001300010Q 012028582082000149MAIS-AGRO CONSULTORIA E PROJETOS LTDA MERUA CARIJOS 310                         CENTRO         38730000GUIMARANEA     MG0000000000000000                                        000                            
7560001300011R 01000000000000000000000000000000000000000000000000200000000000000000000200           6,99                                    0,12                                                       0000000000000000 000000000000  0         
7560001300012S 013 6,99 0,12SUJEITO A PROTESTO APÓS 5 DIAS DO VENCIMENTO                                                                                                                                                                        
7560001300013P 010403390000000093718 000050012501014     10 224              2003202300000000001677000000 02N01032023200000000000000000000100000000000000000000000000000000000000000000000000000000                         1050   090000000000 
7560001300014Q 012003361384000166MARTA DE OLIVEIRA ALVES DOS REIS ME     RUA MAJOR ALVIM, 995                    MARCIANO BRANDA38740000PATROCINIO     MG0000000000000000                                        000                            
7560001300015R 01000000000000000000000000000000000000000000000000200000000000000000000200           3,35                                    0,06                                                       0000000000000000 000000000000  0         
7560001300016S 013 3,35 0,06SUJEITO A PROTESTO APÓS 5 DIAS DO VENCIMENTO                                                                                                                                                                        
7560001300017P 010403390000000093718 000050013201014     10 225              1503202300000000013600000000 02N01032023200000000000000000000100000000000000000000000000000000000000000000000000000000                         1050   090000000000 
7560001300018Q 012018518738000100PATRO PAO LTDA                          AV FARIA PEREIRA, 2225                  CENTRO         38740000PATROCINIO     MG0000000000000000                                        000                            
7560001300019R 01000000000000000000000000000000000000000000000000200000000000000000000200           27,20                                   0,45                                                       0000000000000000 000000000000  0         
7560001300020S 013 27,20 0,45SUJEITO A PROTESTO APÓS 5 DIAS DO VENCIMENTO                                                                                                                                                                       
7560001300021P 010403390000000093718 000050014001014     10 226              0503202300000000001830000000 02N01032023200000000000000000000100000000000000000000000000000000000000000000000000000000                         1050   090000000000 
7560001300022Q 011000007515593695THIAGO DE CASTRO SANTOS                 RUA CARLOS PIEROCETTI, 18 APTO 02       CENTRO         38740064PATROCINIO     MG0000000000000000                                        000                            
7560001300023R 01000000000000000000000000000000000000000000000000200000000000000000000200           3,66                                    0,06                                                       0000000000000000 000000000000  0         
7560001300024S 013 3,66 0,06SUJEITO A PROTESTO APÓS 5 DIAS DO VENCIMENTO                                                                                                                                                                        
75600015         00002600000600000000000391400000000000000000000000000000000000000000000000000000000000000000000000                                                                                                                             
75699999         000001000028000000                                                                                                                                                                                                             
