75600000         205508563000109                    0403390000000093718 Contal Processamento de Dados SICOOB                                  10103202309250300138308100000                                                                     
75600011R01  040 2005508563000109                    0403390000000093718 Contal Processamento de Dados                                                                                 000013830103202300000000                                 
7560001300001P 010403390000000093718 000050015701014     10 221              1503202300000000007650000000 02N01032023200000000000000000000100000000000000000000000000000000000000000000000000000000                         1050   090000000000 
7560001300002Q 012049588708000102JOALHERIA FRANCA LTDA                   RUA PRESIDENTE VARGAS, 804              CENTRO         38740032PATROCINIO     MG0000000000000000                                        000                            
7560001300003R 01000000000000000000000000000000000000000000000000200000000000000000000200           15,30                                   0,26                                                       0000000000000000 000000000000  0         
7560001300004S 013 15,30 0,26SUJEITO A PROTESTO APÓS 5 DIAS DO VENCIMENTO                                                                                                                                                                       
75600015         00000600000100000000000076500000000000000000000000000000000000000000000000000000000000000000000000                                                                                                                             
75699999         000001000008000000                                                                                                                                                                                                             
