75600000         205508563000109                    0403390000000093718 Contal Processamento de Dados SICOOB                                  10103202309264400138408100000                                                                     
75600011R01  040 2005508563000109                    0403390000000093718 Contal Processamento de Dados                                                                                 000013840103202300000000                                 
7560001300001P 010403390000000093718 000050016401014     10 221              1003202300000000003660000000 02N01032023200000000000000000000100000000000000000000000000000000000000000000000000000000                         1050   090000000000 
7560001300002Q 012041498382000102ANGELA MARCIA SANTOS                    AV FARIA PEREIRA. 927                   morada do sol  38744880PATROCINIO     MG0000000000000000                                        000                            
7560001300003R 01000000000000000000000000000000000000000000000000200000000000000000000200           7,32                                    0,12                                                       0000000000000000 000000000000  0         
7560001300004S 013 7,32 0,12SUJEITO A PROTESTO APÓS 5 DIAS DO VENCIMENTO                                                                                                                                                                        
75600015         00000600000100000000000036600000000000000000000000000000000000000000000000000000000000000000000000                                                                                                                             
75699999         000001000008000000                                                                                                                                                                                                             
