75600000         205508563000109                    0403390000000093718 Contal Processamento de Dados SICOOB                                  10203202310081700138508100000                                                                     
75600011R01  040 2005508563000109                    0403390000000093718 Contal Processamento de Dados                                                                                 000013850203202300000000                                 
7560001300001P 010403390000000093718 000050017101014     10 221              1003202300000000002752000000 02N02032023200000000000000000000100000000000000000000000000000000000000000000000000000000                         1050   090000000000 
7560001300002Q 011000009901873657JONAS BORTGES NUNES DE LIMA             ALAMEDA DAS ACEROLAS, 297               DONA DIVA      38748528PATROCINIO     MG0000000000000000                                        000                            
7560001300003R 01000000000000000000000000000000000000000000000000200000000000000000000200           5,50                                    0,09                                                       0000000000000000 000000000000  0         
7560001300004S 013 5,50 0,09SUJEITO A PROTESTO APÓS 5 DIAS DO VENCIMENTO                                                                                                                                                                        
75600015         00000600000100000000000027520000000000000000000000000000000000000000000000000000000000000000000000                                                                                                                             
75699999         000001000008000000                                                                                                                                                                                                             
