75600000         205508563000109                    0403390000000093718 Contal Processamento de Dados SICOOB                                  10703202315262100138708100000                                                                     
75600011R01  040 2005508563000109                    0403390000000093718 Contal Processamento de Dados                                                                                 000013870703202300000000                                 
7560001300001P 010403390000000093718 000050019601014     10 221              2004202300000000002100000000 02N07032023200000000000000000000100000000000000000000000000000000000000000000000000000000                         1050   090000000000 
7560001300002Q 012029641309000142LIVIA ANGELICA MONTEIRO                 AL DAS PITANGUEIRAS, 3138               MORADA NOVA    38748574PATROCINIO     MG0000000000000000                                        000                            
7560001300003R 01000000000000000000000000000000000000000000000000200000000000000000000200           4,20                                    0,07                                                       0000000000000000 000000000000  0         
7560001300004S 013 4,20 0,07SUJEITO A PROTESTO APÓS 5 DIAS DO VENCIMENTO                                                                                                                                                                        
75600015         00000600000100000000000021000000000000000000000000000000000000000000000000000000000000000000000000                                                                                                                             
75699999         000001000008000000                                                                                                                                                                                                             
