75600000         205508563000109                    0403390000000093718 Contal Processamento de Dados SICOOB                                  12103202310413000138808100000                                                                     
75600011R01  040 2005508563000109                    0403390000000093718 Contal Processamento de Dados                                                                                 000013882103202300000000                                 
7560001300001P 010403390000000093718 000050020401014     10 221              2403202300000000001311500000 02N21032023200000000000000000000100000000000000000000000000000000000000000000000000000000                         1050   090000000000 
7560001300002Q 012026409960000101MARCOS PAULO FERNANDES RODRIGUES        RUA PEDRO BASILIO DE OLIVEIRA, 126      JARDIM SUL IV  38740000PATROCINIO     MG0000000000000000                                        000                            
7560001300003R 01000000000000000000000000000000000000000000000000200000000000000000000200           2,62                                    0,04                                                       0000000000000000 000000000000  0         
7560001300004S 013 2,62 0,04SUJEITO A PROTESTO APÓS 5 DIAS DO VENCIMENTO                                                                                                                                                                        
75600015         00000600000100000000000013115000000000000000000000000000000000000000000000000000000000000000000000                                                                                                                             
75699999         000001000008000000                                                                                                                                                                                                             
