75600000         205508563000109                    0403390000000093718 Contal Processamento de Dados SICOOB                                  12803202308585400138908100000                                                                     
75600011R01  040 2005508563000109                    0403390000000093718 Contal Processamento de Dados                                                                                 000013892803202300000000                                 
7560001300001P 010403390000000093718 000050021101014     10 221              3003202300000000005270000000 02N28032023200000000000000000000100000000000000000000000000000000000000000000000000000000                         1050   090000000000 
7560001300002Q 012048541990000100ACQUA PISCINAS LTDA                     AV DOM JOSE ANDRE COIMBRA, 1637         MARCIANO BRANDA38740458PATROCINIO     MG0000000000000000                                        000                            
7560001300003R 01000000000000000000000000000000000000000000000000200000000000000000000200           10,54                                   0,18                                                       0000000000000000 000000000000  0         
7560001300004S 013 10,54 0,18SUJEITO A PROTESTO APÓS 5 DIAS DO VENCIMENTO                                                                                                                                                                       
7560001300005P 010403390000000093718 000050022901014     10 222              3003202300000000001220000000 02N28032023200000000000000000000100000000000000000000000000000000000000000000000000000000                         1050   090000000000 
7560001300006Q 011000003181313661ALEXSANDER SOUZA GRAMA                  RUA PRESIDENTE VARGAS APTO 305 1881     CENTRO         38740000PATROCINIO     MG0000000000000000                                        000                            
7560001300007R 01000000000000000000000000000000000000000000000000200000000000000000000200           2,44                                    0,04                                                       0000000000000000 000000000000  0         
7560001300008S 013 2,44 0,04SUJEITO A PROTESTO APÓS 5 DIAS DO VENCIMENTO                                                                                                                                                                        
7560001300009P 010403390000000093718 000050023601014     10 223              3003202300000000018420000000 02N28032023200000000000000000000100000000000000000000000000000000000000000000000000000000                         1050   090000000000 
7560001300010Q 012064440621000179COMERCIAL CONSTRUTORA CRIATIVA LTDA     AV RUI BARBOSA, 706 SALA 26             CENTRO         38740000PATROCINIO     MG0000000000000000                                        000                            
7560001300011R 01000000000000000000000000000000000000000000000000200000000000000000000200           36,84                                   0,61                                                       0000000000000000 000000000000  0         
7560001300012S 013 36,84 0,61SUJEITO A PROTESTO APÓS 5 DIAS DO VENCIMENTO                                                                                                                                                                       
7560001300013P 010403390000000093718 000050024301014     10 224              3003202300000000018420000000 02N28032023200000000000000000000100000000000000000000000000000000000000000000000000000000                         1050   090000000000 
7560001300014Q 012017674326000105CRIAR INCORP E EDIFICIOS LTDA           RUA MARANHAO,                           CONEGO GETULIO 38700000PATOS DE MINAS MG0000000000000000                                        000                            
7560001300015R 01000000000000000000000000000000000000000000000000200000000000000000000200           36,84                                   0,61                                                       0000000000000000 000000000000  0         
7560001300016S 013 36,84 0,61SUJEITO A PROTESTO APÓS 5 DIAS DO VENCIMENTO                                                                                                                                                                       
75600015         00001800000400000000000433300000000000000000000000000000000000000000000000000000000000000000000000                                                                                                                             
75699999         000001000020000000                                                                                                                                                                                                             
