75600000         205508563000109                    0403390000000093718 Contal Processamento de Dados SICOOB                                  12903202310433900139208100000                                                                     
75600011R01  040 2005508563000109                    0403390000000093718 Contal Processamento de Dados                                                                                 000013922903202300000000                                 
7560001300001P 010403390000000093718 000050669501014     10 221              1004202300000000002560000000 02N29032023200000000000000000000100000000000000000000000000000000000000000000000000000000                         1050   090000000000 
7560001300002Q 011000044275986687MAURICIO JOAQUIM DE AVILA               RUA CASSIMIRO SANTOS, 236               CENTRO         38740162PATROCINIO     MG0000000000000000                                        000                            
7560001300003R 01000000000000000000000000000000000000000000000000200000000000000000000200           5,12                                    0,09                                                       0000000000000000 000000000000  0         
7560001300004S 013 5,12 0,09SUJEITO A PROTESTO APÓS 5 DIAS DO VENCIMENTO                                                                                                                                                                        
7560001300005P 010403390000000093718 000050670301014     10 222              1004202300000000064285400000 02N29032023200000000000000000000100000000000000000000000000000000000000000000000000000000                         1050   090000000000 
7560001300006Q 012005971779000106PROJETEC CONSTRUCOES ELETRICAS LTDA     AV FARIA PEREIRA, 4060                  SAO CRISTOVAO  38740000PATROCINIO     MG0000000000000000                                        000                            
7560001300007R 01000000000000000000000000000000000000000000000000200000000000000000000200           128,57                                  2,14                                                       0000000000000000 000000000000  0         
7560001300008S 013 128,57 2,14SUJEITO A PROTESTO APÓS 5 DIAS DO VENCIMENTO                                                                                                                                                                      
75600015         00001000000200000000000668454000000000000000000000000000000000000000000000000000000000000000000000                                                                                                                             
75699999         000001000012000000                                                                                                                                                                                                             
