75600000         205508563000109                    0403390000000093718 Contal Processamento de Dados SICOOB                                  13003202309435800139308100000                                                                     
75600011R01  040 2005508563000109                    0403390000000093718 Contal Processamento de Dados                                                                                 000013933003202300000000                                 
7560001300001P 010403390000000093718 000050671001014     10 221              2004202300000000003850000000 02N30032023200000000000000000000100000000000000000000000000000000000000000000000000000000                         1050   090000000000 
7560001300002Q 012036017533000123PATROCARNES E DISK CERVEJA LTDA         AV ODIR ALEIXO, 350                     SANTO ANTONIO  38740248PATROCINIO     MG0000000000000000                                        000                            
7560001300003R 01000000000000000000000000000000000000000000000000200000000000000000000200           7,70                                    0,13                                                       0000000000000000 000000000000  0         
7560001300004S 013 7,70 0,13SUJEITO A PROTESTO APÓS 5 DIAS DO VENCIMENTO                                                                                                                                                                        
75600015         00000600000100000000000038500000000000000000000000000000000000000000000000000000000000000000000000                                                                                                                             
75699999         000001000008000000                                                                                                                                                                                                             
