75600000         205508563000109                    0403390000000093718 Contal Processamento de Dados SICOOB                                  13103202315510700139408100000                                                                     
75600011R01  040 2005508563000109                    0403390000000093718 Contal Processamento de Dados                                                                                 000013943103202300000000                                 
7560001300001P 010403390000000093718 000050672801014     10 221              0504202300000000015519000000 02N31032023200000000000000000000100000000000000000000000000000000000000000000000000000000                         1050   090000000000 
7560001300002Q 012030620951000124BRASIL VISTORIA VEICULAR EIRELI         RUA PRESIDENTE VARGAS,  2754            SAO JUDAS      38740000PATROCINIO     MG0000000000000000                                        000                            
7560001300003R 01000000000000000000000000000000000000000000000000200000000000000000000200           31,04                                   0,52                                                       0000000000000000 000000000000  0         
7560001300004S 013 31,04 0,52SUJEITO A PROTESTO APÓS 5 DIAS DO VENCIMENTO                                                                                                                                                                       
7560001300005P 010403390000000093718 000050673501014     10 222              0504202300000000004240000000 02N31032023200000000000000000000100000000000000000000000000000000000000000000000000000000                         1050   090000000000 
7560001300006Q 012035839156000145CT ODONTOLOGIA LTDA                     AV. RUI BARBOSA, 804                    CENTRO         38740012PATROCINIO     MG0000000000000000                                        000                            
7560001300007R 01000000000000000000000000000000000000000000000000200000000000000000000200           8,48                                    0,14                                                       0000000000000000 000000000000  0         
7560001300008S 013 8,48 0,14SUJEITO A PROTESTO APÓS 5 DIAS DO VENCIMENTO                                                                                                                                                                        
7560001300009P 010403390000000093718 000050674201014     10 223              1004202300000000036216600000 02N31032023200000000000000000000100000000000000000000000000000000000000000000000000000000                         1050   090000000000 
7560001300010Q 012044254389000177MERCEARIA SERGIPENSE LTDA               RUA MOM SENHOR FLEURI, 220              DISTRITO PANTAN38550000COROMANDEL     MG0000000000000000                                        000                            
7560001300011R 01000000000000000000000000000000000000000000000000200000000000000000000200           72,43                                   1,21                                                       0000000000000000 000000000000  0         
7560001300012S 013 72,43 1,21SUJEITO A PROTESTO APÓS 5 DIAS DO VENCIMENTO                                                                                                                                                                       
7560001300013P 010403390000000093718 000050675001014     10 224              1004202300000000021891000000 02N31032023200000000000000000000100000000000000000000000000000000000000000000000000000000                         1050   090000000000 
7560001300014Q 012023890470000173PLENO CAFE COMERCIO INDUSTRIA E EXPORTACAV PORTO ALEGRE 1225                    MILENIUM       38446218ARAGUARI       MG0000000000000000                                        000                            
7560001300015R 01000000000000000000000000000000000000000000000000200000000000000000000200           43,78                                   0,73                                                       0000000000000000 000000000000  0         
7560001300016S 013 43,78 0,73SUJEITO A PROTESTO APÓS 5 DIAS DO VENCIMENTO                                                                                                                                                                       
7560001300017P 010403390000000093718 000050676701014     10 225              1004202300000000012487000000 02N31032023200000000000000000000100000000000000000000000000000000000000000000000000000000                         1050   090000000000 
7560001300018Q 012046290473000171RETIFICA DE MOTORES MATOS E FONSECA LTDARUA LUXEMBURGO, 2356                    NACOES         38745104PATROCINIO     MG0000000000000000                                        000                            
7560001300019R 01000000000000000000000000000000000000000000000000200000000000000000000200           24,97                                   0,42                                                       0000000000000000 000000000000  0         
7560001300020S 013 24,97 0,42SUJEITO A PROTESTO APÓS 5 DIAS DO VENCIMENTO                                                                                                                                                                       
7560001300021P 010403390000000093718 000050677401014     10 226              0504202300000000008360000000 02N31032023200000000000000000000100000000000000000000000000000000000000000000000000000000                         1050   090000000000 
7560001300022Q 012021275621000158TABITA DOS REIS CHAGAS                  RUA OSORIO AFONSO DA SILVA 646          CONSTANTINO    38740000PATROCINIO     MG0000000000000000                                        000                            
7560001300023R 01000000000000000000000000000000000000000000000000200000000000000000000200           16,72                                   0,28                                                       0000000000000000 000000000000  0         
7560001300024S 013 16,72 0,28SUJEITO A PROTESTO APÓS 5 DIAS DO VENCIMENTO                                                                                                                                                                       
7560001300025P 010403390000000093718 000050678101014     10 227              0504202300000000102564600000 02N31032023200000000000000000000100000000000000000000000000000000000000000000000000000000                         1050   090000000000 
7560001300026Q 012005925478000146VAM ESTOFADOS LTDA                      AV FARIA PEREIRA, 216                   NACOES         38740000PATROCINIO     MG0000000000000000                                        000                            
7560001300027R 01000000000000000000000000000000000000000000000000200000000000000000000200           205,13                                  3,42                                                       0000000000000000 000000000000  0         
7560001300028S 013 205,13 3,42SUJEITO A PROTESTO APÓS 5 DIAS DO VENCIMENTO                                                                                                                                                                      
75600015         00003000000700000000002012782000000000000000000000000000000000000000000000000000000000000000000000                                                                                                                             
75699999         000001000032000000                                                                                                                                                                                                             
