75600000         205508563000109                    0403390000000093718 Contal Processamento de Dados SICOOB                                  10404202309400200139508100000                                                                     
75600011R01  040 2005508563000109                    0403390000000093718 Contal Processamento de Dados                                                                                 000013950404202300000000                                 
7560001300001P 010403390000000093718 000050679901014     10 221              1504202300000000012180000000 02N04042023200000000000000000000100000000000000000000000000000000000000000000000000000000                         1050   090000000000 
7560001300002Q 012044085775000182ELIAS CARVALHO DOS SANTOS               AV JACINTO BARBOSA 1406                 SAO CRISTOVAO  38742282PATROCINIO     MG0000000000000000                                        000                            
7560001300003R 01000000000000000000000000000000000000000000000000200000000000000000000200           24,36                                   0,41                                                       0000000000000000 000000000000  0         
7560001300004S 013 24,36 0,41SUJEITO A PROTESTO APÓS 5 DIAS DO VENCIMENTO                                                                                                                                                                       
75600015         00000600000100000000000121800000000000000000000000000000000000000000000000000000000000000000000000                                                                                                                             
75699999         000001000008000000                                                                                                                                                                                                             
