75600000         205508563000109                    0403390000000093718 Contal Processamento de Dados SICOOB                                  10404202310200700139708100000                                                                     
75600011R01  040 2005508563000109                    0403390000000093718 Contal Processamento de Dados                                                                                 000013970404202300000000                                 
7560001300001P 010403390000000093718 000050681401014     10 221              1004202300000000005270000000 02N04042023200000000000000000000100000000000000000000000000000000000000000000000000000000                         1050   090000000000 
7560001300002Q 012048541990000100ACQUA PISCINAS LTDA                     AV DOM JOSE ANDRE COIMBRA, 1637         MARCIANO BRANDA38740458PATROCINIO     MG0000000000000000                                        000                            
7560001300003R 01000000000000000000000000000000000000000000000000200000000000000000000200           10,54                                   0,18                                                       0000000000000000 000000000000  0         
7560001300004S 013 10,54 0,18SUJEITO A PROTESTO APÓS 5 DIAS DO VENCIMENTO                                                                                                                                                                       
75600015         00000600000100000000000052700000000000000000000000000000000000000000000000000000000000000000000000                                                                                                                             
75699999         000001000008000000                                                                                                                                                                                                             
