75600000         205508563000109                    0403390000000093718 Contal Processamento de Dados SICOOB                                  10604202311040700140008100000                                                                     
75600011R01  040 2005508563000109                    0403390000000093718 Contal Processamento de Dados                                                                                 000014000604202300000000                                 
7560001300001P 010403390000000093718 000050685301014     10 221              1004202300000000009008000000 02N06042023200000000000000000000100000000000000000000000000000000000000000000000000000000                         1050   090000000000 
7560001300002Q 012022238745000126ASSOCIACAO DOS CAFEICULTORES DA REGIAO DRUA MARECHAL FLORIANO                   CENTRO         38747070PATROCINIO     MG0000000000000000                                        000                            
7560001300003R 01000000000000000000000000000000000000000000000000200000000000000000000200           18,02                                   0,30                                                       0000000000000000 000000000000  0         
7560001300004S 013 18,02 0,30SUJEITO A PROTESTO APÓS 5 DIAS DO VENCIMENTO                                                                                                                                                                       
7560001300005P 010403390000000093718 000050686001014     10 222              1004202300000000001850000000 02N06042023200000000000000000000100000000000000000000000000000000000000000000000000000000                         1050   090000000000 
7560001300006Q 012025006741000100PATRICIA DE OLIVEIRA DIAS               RUA ASA BRANCA, 144                     MOADA DO SOL   38744830PATROCINIO     MG0000000000000000                                        000                            
7560001300007R 01000000000000000000000000000000000000000000000000200000000000000000000200           3,70                                    0,06                                                       0000000000000000 000000000000  0         
7560001300008S 013 3,70 0,06SUJEITO A PROTESTO APÓS 5 DIAS DO VENCIMENTO                                                                                                                                                                        
75600015         00001000000200000000000108580000000000000000000000000000000000000000000000000000000000000000000000                                                                                                                             
75699999         000001000012000000                                                                                                                                                                                                             
