75600000         205508563000109                    0403390000000093718 Contal Processamento de Dados SICOOB                                  11004202315072700140208100000                                                                     
75600011R01  040 2005508563000109                    0403390000000093718 Contal Processamento de Dados                                                                                 000014021004202300000000                                 
7560001300001P 010403390000000093718 000050689201014     10 221              1204202300000000018420000000 02N10042023200000000000000000000100000000000000000000000000000000000000000000000000000000                         1050   090000000000 
7560001300002Q 012064440621000179COMERCIAL CONSTRUTORA CRIATIVA LTDA     AV RUI BARBOSA, 706 SALA 26             CENTRO         38740000PATROCINIO     MG0000000000000000                                        000                            
7560001300003R 01000000000000000000000000000000000000000000000000200000000000000000000200           36,84                                   0,61                                                       0000000000000000 000000000000  0         
7560001300004S 013 36,84 0,61SUJEITO A PROTESTO APÓS 5 DIAS DO VENCIMENTO                                                                                                                                                                       
7560001300005P 010403390000000093718 000050690001014     10 222              1204202300000000018420000000 02N10042023200000000000000000000100000000000000000000000000000000000000000000000000000000                         1050   090000000000 
7560001300006Q 012017674326000105CRIAR INCORP E EDIFICIOS LTDA           RUA MARANHAO,                           CONEGO GETULIO 38700000PATOS DE MINAS MG0000000000000000                                        000                            
7560001300007R 01000000000000000000000000000000000000000000000000200000000000000000000200           36,84                                   0,61                                                       0000000000000000 000000000000  0         
7560001300008S 013 36,84 0,61SUJEITO A PROTESTO APÓS 5 DIAS DO VENCIMENTO                                                                                                                                                                       
75600015         00001000000200000000000368400000000000000000000000000000000000000000000000000000000000000000000000                                                                                                                             
75699999         000001000012000000                                                                                                                                                                                                             
