75600000         205508563000109                    0403390000000093718 Contal Processamento de Dados SICOOB                                  11004202315165200140308100000                                                                     
75600011R01  040 2005508563000109                    0403390000000093718 Contal Processamento de Dados                                                                                 000014031004202300000000                                 
7560001300001P 010403390000000093718 000050691801014     10 221              1204202300000000001220000000 02N10042023200000000000000000000100000000000000000000000000000000000000000000000000000000                         1050   090000000000 
7560001300002Q 011000003181313661ALEXSANDER SOUZA GRAMA                  RUA PRESIDENTE VARGAS APTO 305 1881     CENTRO         38740000PATROCINIO     MG0000000000000000                                        000                            
7560001300003R 01000000000000000000000000000000000000000000000000200000000000000000000200           2,44                                    0,04                                                       0000000000000000 000000000000  0         
7560001300004S 013 2,44 0,04SUJEITO A PROTESTO APÓS 5 DIAS DO VENCIMENTO                                                                                                                                                                        
75600015         00000600000100000000000012200000000000000000000000000000000000000000000000000000000000000000000000                                                                                                                             
75699999         000001000008000000                                                                                                                                                                                                             
