75600000         205508563000109                    0403390000000093718 Contal Processamento de Dados SICOOB                                  11104202315393400140408100000                                                                     
75600011R01  040 2005508563000109                    0403390000000093718 Contal Processamento de Dados                                                                                 000014041104202300000000                                 
7560001300001P 010403390000000093718 000050692501014     10 221              1504202300000000022818200000 02N11042023200000000000000000000100000000000000000000000000000000000000000000000000000000                         1050   090000000000 
7560001300002Q 012044491005000130ALEX HENRIQUE NEVES                     RUA JACOB MARRA 1255                    SAO FRANCISCO  38742006PATROCINIO     MG0000000000000000                                        000                            
7560001300003R 01000000000000000000000000000000000000000000000000200000000000000000000200           45,64                                   0,76                                                       0000000000000000 000000000000  0         
7560001300004S 013 45,64 0,76SUJEITO A PROTESTO APÓS 5 DIAS DO VENCIMENTO                                                                                                                                                                       
7560001300005P 010403390000000093718 000050693201014     10 222              1504202300000000012050000000 02N11042023200000000000000000000100000000000000000000000000000000000000000000000000000000                         1050   090000000000 
7560001300006Q 012007372666000110LANCHONETE E RESTAURANTE CRUZ TEIXEIRA LAV RUI BARBOSA, 860                     CENTRO         38740000PATROCINIO     MG0000000000000000                                        000                            
7560001300007R 01000000000000000000000000000000000000000000000000200000000000000000000200           24,10                                   0,40                                                       0000000000000000 000000000000  0         
7560001300008S 013 24,10 0,40SUJEITO A PROTESTO APÓS 5 DIAS DO VENCIMENTO                                                                                                                                                                       
75600015         00001000000200000000000348682000000000000000000000000000000000000000000000000000000000000000000000                                                                                                                             
75699999         000001000012000000                                                                                                                                                                                                             
