75600000         205508563000109                    0403390000000093718 Contal Processamento de Dados SICOOB                                  12804202316583200140808100000                                                                     
75600011R01  040 2005508563000109                    0403390000000093718 Contal Processamento de Dados                                                                                 000014082804202300000000                                 
7560001300001P 010403390000000093718 000051021001014     10 221              2005202300000000004630000000 02N28042023200000000000000000000100000000000000000000000000000000000000000000000000000000                         1050   090000000000 
7560001300002Q 012010310904000177F E A CONSTRUTORA E ENGENHARIA LTDA     RUA CESARIO ALVIM, 1489                 CENTRO         38740001PATROCINIO     MG0000000000000000                                        000                            
7560001300003R 01000000000000000000000000000000000000000000000000200000000000000000000200           9,26                                    0,15                                                       0000000000000000 000000000000  0         
7560001300004S 013 9,26 0,15SUJEITO A PROTESTO APÓS 5 DIAS DO VENCIMENTO                                                                                                                                                                        
75600015         00000600000100000000000046300000000000000000000000000000000000000000000000000000000000000000000000                                                                                                                             
75699999         000001000008000000                                                                                                                                                                                                             
