75600000         205508563000109                    0403390000000093718 Contal Processamento de Dados SICOOB                                  12804202317014800140908100000                                                                     
75600011R01  040 2005508563000109                    0403390000000093718 Contal Processamento de Dados                                                                                 000014092804202300000000                                 
7560001300001P 010403390000000093718 000051022801014     10 221              0505202300000000009420000000 02N28042023200000000000000000000100000000000000000000000000000000000000000000000000000000                         1050   090000000000 
7560001300002Q 012035784242000106ADRIANO EUSTAQUIO DA SILVA              AV ODIR ALEIXO, 1555                    ENEAS FERREIRA 38741078PATROCINIO     MG0000000000000000                                        000                            
7560001300003R 01000000000000000000000000000000000000000000000000200000000000000000000200           18,84                                   0,31                                                       0000000000000000 000000000000  0         
7560001300004S 013 18,84 0,31SUJEITO A PROTESTO APÓS 5 DIAS DO VENCIMENTO                                                                                                                                                                       
7560001300005P 010403390000000093718 000051023501014     10 222              1505202300000000004020000000 02N28042023200000000000000000000100000000000000000000000000000000000000000000000000000000                         1050   090000000000 
7560001300006Q 012005923358000100ANA MARIA DOS REIS ME                   RUA PRESIDENTE VARGAS, 1564             CENTRO         38740000PATROCINIO     MG0000000000000000                                        000                            
7560001300007R 01000000000000000000000000000000000000000000000000200000000000000000000200           8,04                                    0,13                                                       0000000000000000 000000000000  0         
7560001300008S 013 8,04 0,13SUJEITO A PROTESTO APÓS 5 DIAS DO VENCIMENTO                                                                                                                                                                        
7560001300009P 010403390000000093718 000051024201014     10 223              1005202300000000003850000000 02N28042023200000000000000000000100000000000000000000000000000000000000000000000000000000                         1050   090000000000 
7560001300010Q 012050074254000122ASSOC DE FUTVOLEI DE PATROCINIO MG      RUA NELSON CAIXETA DE QUEIROZ, 161      N SRA DE FATIMA38747064PATROCINIO     MG0000000000000000                                        000                            
7560001300011R 01000000000000000000000000000000000000000000000000200000000000000000000200           7,70                                    0,13                                                       0000000000000000 000000000000  0         
7560001300012S 013 7,70 0,13SUJEITO A PROTESTO APÓS 5 DIAS DO VENCIMENTO                                                                                                                                                                        
7560001300013P 010403390000000093718 000051025001014     10 224              2505202300000000018420000000 02N28042023200000000000000000000100000000000000000000000000000000000000000000000000000000                         1050   090000000000 
7560001300014Q 012064440621000179COMERCIAL CONSTRUTORA CRIATIVA LTDA     AV RUI BARBOSA, 706 SALA 26             CENTRO         38740000PATROCINIO     MG0000000000000000                                        000                            
7560001300015R 01000000000000000000000000000000000000000000000000200000000000000000000200           36,84                                   0,61                                                       0000000000000000 000000000000  0         
7560001300016S 013 36,84 0,61SUJEITO A PROTESTO APÓS 5 DIAS DO VENCIMENTO                                                                                                                                                                       
7560001300017P 010403390000000093718 000051026701014     10 225              0505202300000000008870300000 02N28042023200000000000000000000100000000000000000000000000000000000000000000000000000000                         1050   090000000000 
7560001300018Q 012043786131000159COMERCIAL SILVA DORNELAS LTDA           AV ALBERTO SANARELLI, 1400              ENEAS FERREIRA 38741142PATROCINIO     MG0000000000000000                                        000                            
7560001300019R 01000000000000000000000000000000000000000000000000200000000000000000000200           17,74                                   0,30                                                       0000000000000000 000000000000  0         
7560001300020S 013 17,74 0,30SUJEITO A PROTESTO APÓS 5 DIAS DO VENCIMENTO                                                                                                                                                                       
7560001300021P 010403390000000093718 000051027401014     10 226              0505202300000000006834100000 02N28042023200000000000000000000100000000000000000000000000000000000000000000000000000000                         1050   090000000000 
7560001300022Q 012045461815000106CONSTRUTORA TRES TABAS LTDA             RUA OLIMPIO FAUSTINO ALVES 163          SERRA NEGRA    38745620PATROCINIO     MG0000000000000000                                        000                            
7560001300023R 01000000000000000000000000000000000000000000000000200000000000000000000200           13,67                                   0,23                                                       0000000000000000 000000000000  0         
7560001300024S 013 13,67 0,23SUJEITO A PROTESTO APÓS 5 DIAS DO VENCIMENTO                                                                                                                                                                       
7560001300025P 010403390000000093718 000051028101014     10 227              1005202300000000002752000000 02N28042023200000000000000000000100000000000000000000000000000000000000000000000000000000                         1050   090000000000 
7560001300026Q 011000009901873657JONAS BORGES NUNES DE LIMA              ALAMEDA DAS ACEROLAS, 297               DONA DIVA      38748528PATROCINIO     MG0000000000000000                                        000                            
7560001300027R 01000000000000000000000000000000000000000000000000200000000000000000000200           5,50                                    0,09                                                       0000000000000000 000000000000  0         
7560001300028S 013 5,50 0,09SUJEITO A PROTESTO APÓS 5 DIAS DO VENCIMENTO                                                                                                                                                                        
75600015         00003000000700000000000541664000000000000000000000000000000000000000000000000000000000000000000000                                                                                                                             
75699999         000001000032000000                                                                                                                                                                                                             
