75600000         205508563000109                    0403390000000093718 Contal Processamento de Dados SICOOB                                  10405202316574500141108100000                                                                     
75600011R01  040 2005508563000109                    0403390000000093718 Contal Processamento de Dados                                                                                 000014110405202300000000                                 
7560001300001P 010403390000000093718 000051030701014     10 221              0505202300000000019760000000 02N04052023200000000000000000000100000000000000000000000000000000000000000000000000000000                         1050   090000000000 
7560001300002Q 012008338720000173COM DE PEÇAS E SERVIÇOS AGRIC ROD REIS LAV GENERAL ASTOLFO FERREIRA MENDES, 1820MORADA DO SOL  38740000PATROCINIO     MG0000000000000000                                        000                            
7560001300003R 01000000000000000000000000000000000000000000000000200000000000000000000200           39,52                                   0,66                                                       0000000000000000 000000000000  0         
7560001300004S 013 39,52 0,66SUJEITO A PROTESTO APÓS 5 DIAS DO VENCIMENTO                                                                                                                                                                       
75600015         00000600000100000000000197600000000000000000000000000000000000000000000000000000000000000000000000                                                                                                                             
75699999         000001000008000000                                                                                                                                                                                                             
