75600000         205508563000109                    0403390000000093718 Contal Processamento de Dados SICOOB                                  10905202315363300141208100000                                                                     
75600011R01  040 2005508563000109                    0403390000000093718 Contal Processamento de Dados                                                                                 000014120905202300000000                                 
7560001300001P 010403390000000093718 000051031401014     10 221              1105202300000000001490000000 02N09052023200000000000000000000100000000000000000000000000000000000000000000000000000000                         1050   090000000000 
7560001300002Q 012030620951000124BRASIL VISTORIA VEICULAR EIRELI         RUA PRESIDENTE VARGAS,  2754            SAO JUDAS      38740000PATROCINIO     MG0000000000000000                                        000                            
7560001300003R 01000000000000000000000000000000000000000000000000200000000000000000000200           2,98                                    0,05                                                       0000000000000000 000000000000  0         
7560001300004S 013 2,98 0,05SUJEITO A PROTESTO APÓS 5 DIAS DO VENCIMENTO                                                                                                                                                                        
7560001300005P 010403390000000093718 000051032101014     10 222              1105202300000000004805000000 02N09052023200000000000000000000100000000000000000000000000000000000000000000000000000000                         1050   090000000000 
7560001300006Q 012005478244000106CARLEI JOSE DE SOUZA ME                 RUA PRESIDENTE VARGAS, 2760             SAO JUDAS TADEU38740000PATROCINIO     MG0000000000000000                                        000                            
7560001300007R 01000000000000000000000000000000000000000000000000200000000000000000000200           9,61                                    0,16                                                       0000000000000000 000000000000  0         
7560001300008S 013 9,61 0,16SUJEITO A PROTESTO APÓS 5 DIAS DO VENCIMENTO                                                                                                                                                                        
75600015         00001000000200000000000062950000000000000000000000000000000000000000000000000000000000000000000000                                                                                                                             
75699999         000001000012000000                                                                                                                                                                                                             
