75600000         205508563000109                    0403390000000093718 Contal Processamento de Dados SICOOB                                  11205202315294000141308100000                                                                     
75600011R01  040 2005508563000109                    0403390000000093718 Contal Processamento de Dados                                                                                 000014131205202300000000                                 
7560001300001P 010403390000000093718 000051033901014     10 221              2005202300000000003655000000 02N12052023200000000000000000000100000000000000000000000000000000000000000000000000000000                         1050   090000000000 
7560001300002Q 012018329760000102VM ATACADO E DISTRIBUICAO DE FRIOS E LATRUA FURTADO DE MENEZES, 983             SAO VICENTE    38740000PATROCINIO     MG0000000000000000                                        000                            
7560001300003R 01000000000000000000000000000000000000000000000000200000000000000000000200           7,31                                    0,12                                                       0000000000000000 000000000000  0         
7560001300004S 013 7,31 0,12SUJEITO A PROTESTO APÓS 5 DIAS DO VENCIMENTO                                                                                                                                                                        
75600015         00000600000100000000000036550000000000000000000000000000000000000000000000000000000000000000000000                                                                                                                             
75699999         000001000008000000                                                                                                                                                                                                             
