75600000         205508563000109                    0403390000000093718 Contal Processamento de Dados SICOOB                                  11905202309064500141408100000                                                                     
75600011R01  040 2005508563000109                    0403390000000093718 Contal Processamento de Dados                                                                                 000014141905202300000000                                 
7560001300001P 010403390000000093718 000051034601014     10 221              3105202300000000016780000000 02N19052023200000000000000000000100000000000000000000000000000000000000000000000000000000                         1050   090000000000 
7560001300002Q 012044085775000182ELIAS CARVALHO DOS SANTOS               AV JACINTO BARBOSA 1406                 SAO CRISTOVAO  38742282PATROCINIO     MG0000000000000000                                        000                            
7560001300003R 01000000000000000000000000000000000000000000000000200000000000000000000200           33,56                                   0,56                                                       0000000000000000 000000000000  0         
7560001300004S 013 33,56 0,56SUJEITO A PROTESTO APÓS 5 DIAS DO VENCIMENTO                                                                                                                                                                       
75600015         00000600000100000000000167800000000000000000000000000000000000000000000000000000000000000000000000                                                                                                                             
75699999         000001000008000000                                                                                                                                                                                                             
