75600000         205508563000109                    0403390000000093718 Contal Processamento de Dados SICOOB                                  12305202310572700141508100000                                                                     
75600011R01  040 2005508563000109                    0403390000000093718 Contal Processamento de Dados                                                                                 000014152305202300000000                                 
7560001300001P 010403390000000093718 000051035301014     10 221              2505202300000000006560000000 02N23052023200000000000000000000100000000000000000000000000000000000000000000000000000000                         1050   090000000000 
7560001300002Q 012008808361000170EXTRACAO E COMERCIO DE AREIA FERREIRA LTBR 365 PATROCINIO A PATOS DE MIAS A 20 KZONA RURAL     38740000PATROCINIO     MG0000000000000000                                        000                            
7560001300003R 01000000000000000000000000000000000000000000000000200000000000000000000200           13,12                                   0,22                                                       0000000000000000 000000000000  0         
7560001300004S 013 13,12 0,22SUJEITO A PROTESTO APÓS 5 DIAS DO VENCIMENTO                                                                                                                                                                       
75600015         00000600000100000000000065600000000000000000000000000000000000000000000000000000000000000000000000                                                                                                                             
75699999         000001000008000000                                                                                                                                                                                                             
