75600000         205508563000109                    0403390000000093718 Contal Processamento de Dados SICOOB                                  12905202314335900141908100000                                                                     
75600011R01  040 2005508563000109                    0403390000000093718 Contal Processamento de Dados                                                                                 000014192905202300000000                                 
7560001300001P 010403390000000093718 000051362801014     10 221              1006202300000000007351000000 02N29052023200000000000000000000100000000000000000000000000000000000000000000000000000000                         1050   090000000000 
7560001300002Q 012025166649000108CRISTIANO D AMICO FRANCA DA SILVA       RUA MARTINS MUNDIM,  57                 CENTRO         38740000PATROCINIO     MG0000000000000000                                        000                            
7560001300003R 01000000000000000000000000000000000000000000000000200000000000000000000200           14,70                                   0,25                                                       0000000000000000 000000000000  0         
7560001300004S 013 14,70 0,25SUJEITO A PROTESTO APÓS 5 DIAS DO VENCIMENTO                                                                                                                                                                       
75600015         00000600000100000000000073510000000000000000000000000000000000000000000000000000000000000000000000                                                                                                                             
75699999         000001000008000000                                                                                                                                                                                                             
