75600000         205508563000109                    0403390000000093718 Contal Processamento de Dados SICOOB                                  13005202310080100142008100000                                                                     
75600011R01  040 2005508563000109                    0403390000000093718 Contal Processamento de Dados                                                                                 000014203005202300000000                                 
7560001300001P 010403390000000093718 000051363501014     10 221              1006202300000000007650000000 02N30052023200000000000000000000100000000000000000000000000000000000000000000000000000000                         1050   090000000000 
7560001300002Q 012050795219000100CMA COMPANHIA MINEIRA DE ARMAZENS LTDA  RUA TUPI, 2103                          CARAJAS        38747400PATROCINIO     MG0000000000000000                                        000                            
7560001300003R 01000000000000000000000000000000000000000000000000200000000000000000000200           15,30                                   0,26                                                       0000000000000000 000000000000  0         
7560001300004S 013 15,30 0,26SUJEITO A PROTESTO APÓS 5 DIAS DO VENCIMENTO                                                                                                                                                                       
75600015         00000600000100000000000076500000000000000000000000000000000000000000000000000000000000000000000000                                                                                                                             
75699999         000001000008000000                                                                                                                                                                                                             
