75600000         205508563000109                    0403390000000093718 Contal Processamento de Dados SICOOB                                  13005202313391000142108100000                                                                     
75600011R01  040 2005508563000109                    0403390000000093718 Contal Processamento de Dados                                                                                 000014213005202300000000                                 
7560001300001P 010403390000000093718 000051364201014     10 221              0706202300000000006364000000 02N30052023200000000000000000000100000000000000000000000000000000000000000000000000000000                         1050   090000000000 
7560001300002Q 011000000672505649ESPOLIO DE VALDIR PEREIRA BORGES        RUA BERNARDO GUIMARAES, 250, APTO 801   CENTRO         38740028PATROCINIO     MG0000000000000000                                        000                            
7560001300003R 01000000000000000000000000000000000000000000000000200000000000000000000200           12,73                                   0,21                                                       0000000000000000 000000000000  0         
7560001300004S 013 12,73 0,21SUJEITO A PROTESTO APÓS 5 DIAS DO VENCIMENTO                                                                                                                                                                       
75600015         00000600000100000000000063640000000000000000000000000000000000000000000000000000000000000000000000                                                                                                                             
75699999         000001000008000000                                                                                                                                                                                                             
