75600000         205508563000109                    0403390000000093718 Contal Processamento de Dados SICOOB                                  10706202314101400142308100000                                                                     
75600011R01  040 2005508563000109                    0403390000000093718 Contal Processamento de Dados                                                                                 000014230706202300000000                                 
7560001300001P 010403390000000093718 000051366701014     10 221              1606202300000000001850000000 02N07062023200000000000000000000100000000000000000000000000000000000000000000000000000000                         1050   090000000000 
7560001300002Q 012019322784000100VIA CARPE INDUSTRIA E COMERCIO DE PRODUTRUA RODLFO MELO REZENDE, MG 462 KM      ZONA RURAL     38748899PATROCINIO     MG0000000000000000                                        000                            
7560001300003R 01000000000000000000000000000000000000000000000000200000000000000000000200           3,70                                    0,06                                                       0000000000000000 000000000000  0         
7560001300004S 013 3,70 0,06SUJEITO A PROTESTO APÓS 5 DIAS DO VENCIMENTO                                                                                                                                                                        
75600015         00000600000100000000000018500000000000000000000000000000000000000000000000000000000000000000000000                                                                                                                             
75699999         000001000008000000                                                                                                                                                                                                             
