75600000         205508563000109                    0403390000000093718 Contal Processamento de Dados SICOOB                                  11206202308452900142508100000                                                                     
75600011R01  040 2005508563000109                    0403390000000093718 Contal Processamento de Dados                                                                                 000014251206202300000000                                 
7560001300001P 010403390000000093718 000051368101014     10 221              2306202300000000001600000000 02N12062023200000000000000000000100000000000000000000000000000000000000000000000000000000                         1050   090000000000 
7560001300002Q 011000035099097634AMALIA DE FATIMA SILVA ALVES            ALAMEDA DOS BABACUS, 714                MORADA NOVA II 38748690PATROCINIO     MG0000000000000000                                        000                            
7560001300003R 01000000000000000000000000000000000000000000000000200000000000000000000200           3,20                                    0,05                                                       0000000000000000 000000000000  0         
7560001300004S 013 3,20 0,05SUJEITO A PROTESTO APÓS 5 DIAS DO VENCIMENTO                                                                                                                                                                        
75600015         00000600000100000000000016000000000000000000000000000000000000000000000000000000000000000000000000                                                                                                                             
75699999         000001000008000000                                                                                                                                                                                                             
