75600000         205508563000109                    0403390000000093718 Contal Processamento de Dados SICOOB                                  11206202313423400142608100000                                                                     
75600011R01  040 2005508563000109                    0403390000000093718 Contal Processamento de Dados                                                                                 000014261206202300000000                                 
7560001300001P 010403390000000093718 000051369901014     10 221              0506202300000000006000000000 02N12062023200000000000000000000100000000000000000000000000000000000000000000000000000000                         1050   090000000000 
7560001300002Q 011000095169130678ADRIANO GILBERTO GROSSI                 FAZENDA CORREGO DO BURITI               ZONA RUAL      39570000GRAO MONGOL    MG0000000000000000                                        000                            
7560001300003R 01000000000000000000000000000000000000000000000000200000000000000000000200           12,00                                   0,20                                                       0000000000000000 000000000000  0         
7560001300004S 013 12,00 0,20SUJEITO A PROTESTO APÓS 5 DIAS DO VENCIMENTO                                                                                                                                                                       
7560001300005P 010403390000000093718 000051370701014     10 222              1006202300000000006990000000 02N12062023200000000000000000000100000000000000000000000000000000000000000000000000000000                         1050   090000000000 
7560001300006Q 012015103512000150AGG CONST. E INCORPORADORA LTDA         RUA PADRE MODESTO 429                   CENTRO         38743040PATROCINIO     MG0000000000000000                                        000                            
7560001300007R 01000000000000000000000000000000000000000000000000200000000000000000000200           13,98                                   0,23                                                       0000000000000000 000000000000  0         
7560001300008S 013 13,98 0,23SUJEITO A PROTESTO APÓS 5 DIAS DO VENCIMENTO                                                                                                                                                                       
75600015         00001000000200000000000129900000000000000000000000000000000000000000000000000000000000000000000000                                                                                                                             
75699999         000001000012000000                                                                                                                                                                                                             
