75600000         205508563000109                    0403390000000093718 Contal Processamento de Dados SICOOB                                  11506202315514700142708100000                                                                     
75600011R01  040 2005508563000109                    0403390000000093718 Contal Processamento de Dados                                                                                 000014271506202300000000                                 
7560001300001P 010403390000000093718 000051371401014     10 221              2206202300000000001350000000 02N15062023200000000000000000000100000000000000000000000000000000000000000000000000000000                         1050   090000000000 
7560001300002Q 012045838681000108BELCHIOR DOS REIS MACHADO               RUA DR VICENTE SOARES, 957              SAO CRISTOVAO  38742274PATROCINIO     MG0000000000000000                                        000                            
7560001300003R 01000000000000000000000000000000000000000000000000200000000000000000000200           2,70                                    0,05                                                       0000000000000000 000000000000  0         
7560001300004S 013 2,70 0,05SUJEITO A PROTESTO APÓS 5 DIAS DO VENCIMENTO                                                                                                                                                                        
7560001300005P 010403390000000093718 000051372101014     10 222              2206202300000000006863600000 02N15062023200000000000000000000100000000000000000000000000000000000000000000000000000000                         1050   090000000000 
7560001300006Q 012007889517000122EDSON SEIDI KOSHIBA                     AV FARIA PEREIRA, 1256 S/ 02 E 04       CENTRO         38740000PATROCINIO     MG0000000000000000                                        000                            
7560001300007R 01000000000000000000000000000000000000000000000000200000000000000000000200           13,73                                   0,23                                                       0000000000000000 000000000000  0         
7560001300008S 013 13,73 0,23SUJEITO A PROTESTO APÓS 5 DIAS DO VENCIMENTO                                                                                                                                                                       
7560001300009P 010403390000000093718 000051373901014     10 223              2206202300000000001850000000 02N15062023200000000000000000000100000000000000000000000000000000000000000000000000000000                         1050   090000000000 
7560001300010Q 012019322784000100VIA CARPE INDUSTRIA E COMERCIO DE PRODUTRUA RODLFO MELO REZENDE, MG 462 KM      ZONA RURAL     38748899PATROCINIO     MG0000000000000000                                        000                            
7560001300011R 01000000000000000000000000000000000000000000000000200000000000000000000200           3,70                                    0,06                                                       0000000000000000 000000000000  0         
7560001300012S 013 3,70 0,06SUJEITO A PROTESTO APÓS 5 DIAS DO VENCIMENTO                                                                                                                                                                        
75600015         00001400000300000000000100636000000000000000000000000000000000000000000000000000000000000000000000                                                                                                                             
75699999         000001000016000000                                                                                                                                                                                                             
