75600000         205508563000109                    0403390000000093718 Contal Processamento de Dados SICOOB                                  11606202309064800142808100000                                                                     
75600011R01  040 2005508563000109                    0403390000000093718 Contal Processamento de Dados                                                                                 000014281606202300000000                                 
7560001300001P 010403390000000093718 000051374601014     10 221              2006202300000000003587400000 02N16062023200000000000000000000100000000000000000000000000000000000000000000000000000000                         1050   090000000000 
7560001300002Q 012032567894000192AUTO ELETRICA RADAR LTDA                RUA CESARIO ALVIM, 2593                 SAO BENEDITO   38743042PATROCINIO     MG0000000000000000                                        000                            
7560001300003R 01000000000000000000000000000000000000000000000000200000000000000000000200           7,17                                    0,12                                                       0000000000000000 000000000000  0         
7560001300004S 013 7,17 0,12SUJEITO A PROTESTO APÓS 5 DIAS DO VENCIMENTO                                                                                                                                                                        
75600015         00000600000100000000000035874000000000000000000000000000000000000000000000000000000000000000000000                                                                                                                             
75699999         000001000008000000                                                                                                                                                                                                             
