75600000         205508563000109                    0403390000000093718 Contal Processamento de Dados SICOOB                                  12206202316251700142908100000                                                                     
75600011R01  040 2005508563000109                    0403390000000093718 Contal Processamento de Dados                                                                                 000014292206202300000000                                 
7560001300001P 010403390000000093718 000051375301014     10 221              2706202300000000012764000000 02N22062023200000000000000000000100000000000000000000000000000000000000000000000000000000                         1050   090000000000 
7560001300002Q 012006063113000112SOCIEDADE DE ENSINO FUNDAMENTAL LTDA    RUA TEODORO GONCALVES, 116              N SRA DE FATIMA38744532PATROCINIO     MG0000000000000000                                        000                            
7560001300003R 01000000000000000000000000000000000000000000000000200000000000000000000200           25,53                                   0,43                                                       0000000000000000 000000000000  0         
7560001300004S 013 25,53 0,43SUJEITO A PROTESTO APÓS 5 DIAS DO VENCIMENTO                                                                                                                                                                       
7560001300005P 010403390000000093718 000051376001014     10 222              2706202300000000024419000000 02N22062023200000000000000000000100000000000000000000000000000000000000000000000000000000                         1050   090000000000 
7560001300006Q 012020721726000120SOCIEDADE EDUCACIONAL DE PATROCINIO LTDARUA JOAQUIM CARLOS DOS SANTOS           N SRA DE FATIMA38744532PATROCINIO     MG0000000000000000                                        000                            
7560001300007R 01000000000000000000000000000000000000000000000000200000000000000000000200           48,84                                   0,81                                                       0000000000000000 000000000000  0         
7560001300008S 013 48,84 0,81SUJEITO A PROTESTO APÓS 5 DIAS DO VENCIMENTO                                                                                                                                                                       
75600015         00001000000200000000000371830000000000000000000000000000000000000000000000000000000000000000000000                                                                                                                             
75699999         000001000012000000                                                                                                                                                                                                             
