75600000         205508563000109                    0403390000000093718 Contal Processamento de Dados SICOOB                                  12606202313291800143108100000                                                                     
75600011R01  040 2005508563000109                    0403390000000093718 Contal Processamento de Dados                                                                                 000014312606202300000000                                 
7560001300001P 010403390000000093718 000051379201014     10 221              3006202300000000011928000000 02N26062023200000000000000000000100000000000000000000000000000000000000000000000000000000                         1050   090000000000 
7560001300002Q 012016740342000188IMAGEM CIRURGIA PLASTICA LTDA - ME      AV. RAJA GABAGLIA, 561                  CIDADE JARDIM  30380103BELO HORIZONTE MG0000000000000000                                        000                            
7560001300003R 01000000000000000000000000000000000000000000000000200000000000000000000200           23,86                                   0,40                                                       0000000000000000 000000000000  0         
7560001300004S 013 23,86 0,40SUJEITO A PROTESTO APÓS 5 DIAS DO VENCIMENTO                                                                                                                                                                       
7560001300005P 010403390000000093718 000051380001014     10 222              3006202300000000031628200000 02N26062023200000000000000000000100000000000000000000000000000000000000000000000000000000                         1050   090000000000 
7560001300006Q 012003177653000139IMAGEM EMPREENDIMENTOS E CONSTRUCOES    RUA GOVERNADOR VALADARES, 1167          CENTRO         38740000PATROCINIO     MG0000000000000000                                        000                            
7560001300007R 01000000000000000000000000000000000000000000000000200000000000000000000200           63,26                                   1,05                                                       0000000000000000 000000000000  0         
7560001300008S 013 63,26 1,05SUJEITO A PROTESTO APÓS 5 DIAS DO VENCIMENTO                                                                                                                                                                       
7560001300009P 010403390000000093718 000051381801014     10 223              3006202300000000011928000000 02N26062023200000000000000000000100000000000000000000000000000000000000000000000000000000                         1050   090000000000 
7560001300010Q 011000008123063687JOSE MAURICIO DE FIGUEIREDO             FAZENDA SAO BERNARDO                    ZONA RURAL     38740000PATROCINIO     MG0000000000000000                                        000                            
7560001300011R 01000000000000000000000000000000000000000000000000200000000000000000000200           23,86                                   0,40                                                       0000000000000000 000000000000  0         
7560001300012S 013 23,86 0,40SUJEITO A PROTESTO APÓS 5 DIAS DO VENCIMENTO                                                                                                                                                                       
75600015         00001400000300000000000554842000000000000000000000000000000000000000000000000000000000000000000000                                                                                                                             
75699999         000001000016000000                                                                                                                                                                                                             
