75600000         205508563000109                    0403390000000093718 Contal Processamento de Dados SICOOB                                  12706202315183200143308100000                                                                     
75600011R01  040 2005508563000109                    0403390000000093718 Contal Processamento de Dados                                                                                 000014332706202300000000                                 
7560001300001P 010403390000000093718 000051709401014     10 221              0107202300000000006573000000 02N27062023200000000000000000000100000000000000000000000000000000000000000000000000000000                         1050   090000000000 
7560001300002Q 011000026782871653VANDERLEI MARTINS PESSOA                RUA NELSON CAIXETA DE QUEIROZ, 125      CIDADE JARDIM  38747064PATROCINIO     MG0000000000000000                                        000                            
7560001300003R 01000000000000000000000000000000000000000000000000200000000000000000000200           13,15                                   0,22                                                       0000000000000000 000000000000  0         
7560001300004S 013 13,15 0,22SUJEITO A PROTESTO APÓS 5 DIAS DO VENCIMENTO                                                                                                                                                                       
75600015         00000600000100000000000065730000000000000000000000000000000000000000000000000000000000000000000000                                                                                                                             
75699999         000001000008000000                                                                                                                                                                                                             
