75600000         205508563000109                    0403390000000093718 Contal Processamento de Dados SICOOB                                  12706202315292600143408100000                                                                     
75600011R01  040 2005508563000109                    0403390000000093718 Contal Processamento de Dados                                                                                 000014342706202300000000                                 
7560001300001P 010403390000000093718 000051710201014     10 221              1007202300000000011163600000 02N27062023200000000000000000000100000000000000000000000000000000000000000000000000000000                         1050   090000000000 
7560001300002Q 012047974981000131PLENO ASSESSORIA E INTERMEDIACAO DE NEGORUA SILVIO BRAGA DE ARAUJO, 444         CENTRO         38500000MONTE CARMELO  MG0000000000000000                                        000                            
7560001300003R 01000000000000000000000000000000000000000000000000200000000000000000000200           22,33                                   0,37                                                       0000000000000000 000000000000  0         
7560001300004S 013 22,33 0,37SUJEITO A PROTESTO APÓS 5 DIAS DO VENCIMENTO                                                                                                                                                                       
75600015         00000600000100000000000111636000000000000000000000000000000000000000000000000000000000000000000000                                                                                                                             
75699999         000001000008000000                                                                                                                                                                                                             
