75600000         205508563000109                    0403390000000093718 Contal Processamento de Dados SICOOB                                  12906202317040000143508100000                                                                     
75600011R01  040 2005508563000109                    0403390000000093718 Contal Processamento de Dados                                                                                 000014352906202300000000                                 
7560001300001P 010403390000000093718 000051711001014     10 221              1007202300000000001348300000 02N29062023200000000000000000000100000000000000000000000000000000000000000000000000000000                         1050   090000000000 
7560001300002Q 012015582101000195BOLA 7 REPRESENTACOES LTDA              RUA CORONEL RABELO, 1717                CENTRO         38740000PATROCINIO     MG0000000000000000                                        000                            
7560001300003R 01000000000000000000000000000000000000000000000000200000000000000000000200           2,70                                    0,04                                                       0000000000000000 000000000000  0         
7560001300004S 013 2,70 0,04SUJEITO A PROTESTO APÓS 5 DIAS DO VENCIMENTO                                                                                                                                                                        
7560001300005P 010403390000000093718 000051712701014     10 222              0507202300000000003913000000 02N29062023200000000000000000000100000000000000000000000000000000000000000000000000000000                         1050   090000000000 
7560001300006Q 012021275621000158TABITA DOS REIS CHAGAS                  RUA OSORIO AFONSO DA SILVA 646          CONSTANTINO    38740000PATROCINIO     MG0000000000000000                                        000                            
7560001300007R 01000000000000000000000000000000000000000000000000200000000000000000000200           7,83                                    0,13                                                       0000000000000000 000000000000  0         
7560001300008S 013 7,83 0,13SUJEITO A PROTESTO APÓS 5 DIAS DO VENCIMENTO                                                                                                                                                                        
75600015         00001000000200000000000052613000000000000000000000000000000000000000000000000000000000000000000000                                                                                                                             
75699999         000001000012000000                                                                                                                                                                                                             
