75600000         205508563000109                    0403390000000093718 Contal Processamento de Dados SICOOB                                  10307202308373300143608100000                                                                     
75600011R01  040 2005508563000109                    0403390000000093718 Contal Processamento de Dados                                                                                 000014360307202300000000                                 
7560001300001P 010403390000000093718 000051713401014     10 221              1007202300000000004663600000 02N03072023200000000000000000000100000000000000000000000000000000000000000000000000000000                         1050   090000000000 
7560001300002Q 012007889517000122EDSON SEIDI KOSHIBA                     AV FARIA PEREIRA, 1256 S/ 02 E 04       CENTRO         38740000PATROCINIO     MG0000000000000000                                        000                            
7560001300003R 01000000000000000000000000000000000000000000000000200000000000000000000200           9,33                                    0,16                                                       0000000000000000 000000000000  0         
7560001300004S 013 9,33 0,16SUJEITO A PROTESTO APÓS 5 DIAS DO VENCIMENTO                                                                                                                                                                        
75600015         00000600000100000000000046636000000000000000000000000000000000000000000000000000000000000000000000                                                                                                                             
75699999         000001000008000000                                                                                                                                                                                                             
