75600000         205508563000109                    0403390000000093718 Contal Processamento de Dados SICOOB                                  10307202308433600143708100000                                                                     
75600011R01  040 2005508563000109                    0403390000000093718 Contal Processamento de Dados                                                                                 000014370307202300000000                                 
7560001300001P 010403390000000093718 000051714101014     10 221              1007202300000000004300000000 02N03072023200000000000000000000100000000000000000000000000000000000000000000000000000000                         1050   090000000000 
7560001300002Q 011000008597216638JORGE LUIZ RESENDE                      RUA MARTINS MUNDIM, 1191                SAO CRISTOVAO  38740030PATROCINIO     MG0000000000000000                                        000                            
7560001300003R 01000000000000000000000000000000000000000000000000200000000000000000000200           8,60                                    0,14                                                       0000000000000000 000000000000  0         
7560001300004S 013 8,60 0,14SUJEITO A PROTESTO APÓS 5 DIAS DO VENCIMENTO                                                                                                                                                                        
75600015         00000600000100000000000043000000000000000000000000000000000000000000000000000000000000000000000000                                                                                                                             
75699999         000001000008000000                                                                                                                                                                                                             
