75600000         205508563000109                    0403390000000093718 Contal Processamento de Dados SICOOB                                  10307202310012100143808100000                                                                     
75600011R01  040 2005508563000109                    0403390000000093718 Contal Processamento de Dados                                                                                 000014380307202300000000                                 
7560001300001P 010403390000000093718 000051715901014     10 221              0107202300000000008626000000 02N03072023200000000000000000000100000000000000000000000000000000000000000000000000000000                         1050   090000000000 
7560001300002Q 012022224588000108OBRAS SOCIAIS SAO GERALDO               AV DOS JACARANDAS, 3375                 MORADA NOVA    38748632PATROCINIO     MG0000000000000000                                        000                            
7560001300003R 01000000000000000000000000000000000000000000000000200000000000000000000200           17,25                                   0,29                                                       0000000000000000 000000000000  0         
7560001300004S 013 17,25 0,29SUJEITO A PROTESTO APÓS 5 DIAS DO VENCIMENTO                                                                                                                                                                       
75600015         00000600000100000000000086260000000000000000000000000000000000000000000000000000000000000000000000                                                                                                                             
75699999         000001000008000000                                                                                                                                                                                                             
