75600000         205508563000109                    0403390000000093718 Contal Processamento de Dados SICOOB                                  11707202316020700143908100000                                                                     
75600011R01  040 2005508563000109                    0403390000000093718 Contal Processamento de Dados                                                                                 000014391707202300000000                                 
7560001300001P 010403390000000093718 000051716601014     10 221              2007202300000000001348300000 02N17072023200000000000000000000100000000000000000000000000000000000000000000000000000000                         1050   090000000000 
7560001300002Q 012015582101000195BOLA 7 REPRESENTACOES LTDA              RUA CORONEL RABELO, 1717                CENTRO         38740000PATROCINIO     MG0000000000000000                                        000                            
7560001300003R 01000000000000000000000000000000000000000000000000200000000000000000000200           2,70                                    0,04                                                       0000000000000000 000000000000  0         
7560001300004S 013 2,70 0,04SUJEITO A PROTESTO APÓS 5 DIAS DO VENCIMENTO                                                                                                                                                                        
75600015         00000600000100000000000013483000000000000000000000000000000000000000000000000000000000000000000000                                                                                                                             
75699999         000001000008000000                                                                                                                                                                                                             
