75600000         205508563000109                    0403390000000093718 Contal Processamento de Dados SICOOB                                  12607202316453200144008100000                                                                     
75600011R01  040 2005508563000109                    0403390000000093718 Contal Processamento de Dados                                                                                 000014402607202300000000                                 
7560001300001P 010403390000000093718 000051717301014     10 221              0508202300000000007465000000 02N26072023200000000000000000000100000000000000000000000000000000000000000000000000000000                         1050   090000000000 
7560001300002Q 012023960480000138RIBEIRO E RIBEIRO COMERCIO DE ALIMENTOS AV RUI BARBOSA,  113                    CENTRO         38740000PATROCINIO     MG0000000000000000                                        000                            
7560001300003R 01000000000000000000000000000000000000000000000000200000000000000000000200           14,93                                   0,25                                                       0000000000000000 000000000000  0         
7560001300004S 013 14,93 0,25SUJEITO A PROTESTO APÓS 5 DIAS DO VENCIMENTO                                                                                                                                                                       
75600015         00000600000100000000000074650000000000000000000000000000000000000000000000000000000000000000000000                                                                                                                             
75699999         000001000008000000                                                                                                                                                                                                             
