75600000         205508563000109                    0403390000000093718 Contal Processamento de Dados SICOOB                                  13107202314302100144208100000                                                                     
75600011R01  040 2005508563000109                    0403390000000093718 Contal Processamento de Dados                                                                                 000014423107202300000000                                 
7560001300001P 010403390000000093718 000052038401014     10 221              1508202300000000009074000000 02N31072023200000000000000000000100000000000000000000000000000000000000000000000000000000                         1050   090000000000 
7560001300002Q 012005818324000155AGROSOLOS AGRONOMIA E MEIO AMBIENTE LTDAAV JOSE ELOI DOS SANTOS, 531            CONSTANTINO    38740000PATROCINIO     MG0000000000000000                                        000                            
7560001300003R 01000000000000000000000000000000000000000000000000200000000000000000000200           18,15                                   0,30                                                       0000000000000000 000000000000  0         
7560001300004S 013 18,15 0,30SUJEITO A PROTESTO APÓS 5 DIAS DO VENCIMENTO                                                                                                                                                                       
75600015         00000600000100000000000090740000000000000000000000000000000000000000000000000000000000000000000000                                                                                                                             
75699999         000001000008000000                                                                                                                                                                                                             
