75600000         205508563000109                    0403390000000093718 Contal Processamento de Dados SICOOB                                  12908202315053200144408100000                                                                     
75600011R01  040 2005508563000109                    0403390000000093718 Contal Processamento de Dados                                                                                 000014442908202300000000                                 
7560001300001P 010403390000000093718 000052357001014     10 221              2009202300000000003362000000 02N29082023200000000000000000000100000000000000000000000000000000000000000000000000000000                         1050   090000000000 
7560001300002Q 012032567894000192AUTO ELETRICA RADAR LTDA                RUA CESARIO ALVIM, 2593                 SAO BENEDITO   38743042PATROCINIO     MG0000000000000000                                        000                            
7560001300003R 01000000000000000000000000000000000000000000000000200000000000000000000200           6,72                                    0,11                                                       0000000000000000 000000000000  0         
7560001300004S 013 6,72 0,11SUJEITO A PROTESTO APÓS 5 DIAS DO VENCIMENTO                                                                                                                                                                        
7560001300005P 010403390000000093718 000052358701014     10 222              1009202300000000008301200000 02N29082023200000000000000000000100000000000000000000000000000000000000000000000000000000                         1050   090000000000 
7560001300006Q 012049588708000102JOALHERIA FRANCA LTDA                   RUA PRESIDENTE VARGAS, 804              CENTRO         38740032PATROCINIO     MG0000000000000000                                        000                            
7560001300007R 01000000000000000000000000000000000000000000000000200000000000000000000200           16,60                                   0,28                                                       0000000000000000 000000000000  0         
7560001300008S 013 16,60 0,28SUJEITO A PROTESTO APÓS 5 DIAS DO VENCIMENTO                                                                                                                                                                       
7560001300009P 010403390000000093718 000052359401014     10 223              1009202300000000003950000000 02N29082023200000000000000000000100000000000000000000000000000000000000000000000000000000                         1050   090000000000 
7560001300010Q 012021772634000132MARCOS CESAR MARTINS                    RUA SUECIA, 473                         NACOES         38740000PATROCINIO     MG0000000000000000                                        000                            
7560001300011R 01000000000000000000000000000000000000000000000000200000000000000000000200           7,90                                    0,13                                                       0000000000000000 000000000000  0         
7560001300012S 013 7,90 0,13SUJEITO A PROTESTO APÓS 5 DIAS DO VENCIMENTO                                                                                                                                                                        
75600015         00001400000300000000000156132000000000000000000000000000000000000000000000000000000000000000000000                                                                                                                             
75699999         000001000016000000                                                                                                                                                                                                             
