75600000         205508563000109                    0403390000000093718 Contal Processamento de Dados SICOOB                                  12908202315061300144508100000                                                                     
75600011R01  040 2005508563000109                    0403390000000093718 Contal Processamento de Dados                                                                                 000014452908202300000000                                 
7560001300001P 010403390000000093718 000052360201014     10 221              1009202300000000018200000000 02N29082023200000000000000000000100000000000000000000000000000000000000000000000000000000                         1050   090000000000 
7560001300002Q 012021772634000132MARCOS CESAR MARTINS                    RUA SUECIA, 473                         NACOES         38740000PATROCINIO     MG0000000000000000                                        000                            
7560001300003R 01000000000000000000000000000000000000000000000000200000000000000000000200           36,40                                   0,61                                                       0000000000000000 000000000000  0         
7560001300004S 013 36,40 0,61SUJEITO A PROTESTO APÓS 5 DIAS DO VENCIMENTO                                                                                                                                                                       
75600015         00000600000100000000000182000000000000000000000000000000000000000000000000000000000000000000000000                                                                                                                             
75699999         000001000008000000                                                                                                                                                                                                             
