75600000         205508563000109                    0403390000000093718 Contal Processamento de Dados SICOOB                                  13008202310252600144808100000                                                                     
75600011R01  040 2005508563000109                    0403390000000093718 Contal Processamento de Dados                                                                                 000014483008202300000000                                 
7560001300001P 010403390000000093718 000052363401014     10 221              1010202300000000004510000000 02N30082023200000000000000000000100000000000000000000000000000000000000000000000000000000                         1050   090000000000 
7560001300002Q 012047923872000195DANIELA MENDES SOUZA ME                 AVENIDA BENEDITO ROMAO DE MELO, 1097    SANTA TEREZINHA38742086PATROCINIO     MG0000000000000000                                        000                            
7560001300003R 01000000000000000000000000000000000000000000000000200000000000000000000200           9,02                                    0,15                                                       0000000000000000 000000000000  0         
7560001300004S 013 9,02 0,15SUJEITO A PROTESTO APÓS 5 DIAS DO VENCIMENTO                                                                                                                                                                        
75600015         00000600000100000000000045100000000000000000000000000000000000000000000000000000000000000000000000                                                                                                                             
75699999         000001000008000000                                                                                                                                                                                                             
