75600000         205508563000109                    0403390000000093718 Contal Processamento de Dados SICOOB                                  11409202317132800144908100000                                                                     
75600011R01  040 2005508563000109                    0403390000000093718 Contal Processamento de Dados                                                                                 000014491409202300000000                                 
7560001300001P 010403390000000093718 000052364101014     10 221              2509202300000000003956000000 02N14092023200000000000000000000100000000000000000000000000000000000000000000000000000000                         1050   090000000000 
7560001300002Q 012047737781000165HALISSON PEREIRA DUARTE                 RUA MARECHAL FLORIANO, 799              CIDADE JARDIM  38747070PATROCINIO     MG0000000000000000                                        000                            
7560001300003R 01000000000000000000000000000000000000000000000000200000000000000000000200           7,91                                    0,13                                                       0000000000000000 000000000000  0         
7560001300004S 013 7,91 0,13SUJEITO A PROTESTO APÓS 5 DIAS DO VENCIMENTO                                                                                                                                                                        
75600015         00000600000100000000000039560000000000000000000000000000000000000000000000000000000000000000000000                                                                                                                             
75699999         000001000008000000                                                                                                                                                                                                             
