75600000         205508563000109                    0403390000000093718 Contal Processamento de Dados SICOOB                                  11809202316055500145108100000                                                                     
75600011R01  040 2005508563000109                    0403390000000093718 Contal Processamento de Dados                                                                                 000014511809202300000000                                 
7560001300001P 010403390000000093718 000052366601014     10 221              0611202300000000006133300000 02N18092023200000000000000000000100000000000000000000000000000000000000000000000000000000                         1050   090000000000 
7560001300002Q 012021229882000131IND DE MOVEIS BARBOSA OLIVEIRA LTDA     RUA DOUTOR SILVESTRE MOREIRA, 2947      SAO BENEDITO   38743082PATROCINIO     MG0000000000000000                                        000                            
7560001300003R 01000000000000000000000000000000000000000000000000200000000000000000000200           12,27                                   0,20                                                       0000000000000000 000000000000  0         
7560001300004S 013 12,27 0,20SUJEITO A PROTESTO APÓS 5 DIAS DO VENCIMENTO                                                                                                                                                                       
75600015         00000600000100000000000061333000000000000000000000000000000000000000000000000000000000000000000000                                                                                                                             
75699999         000001000008000000                                                                                                                                                                                                             
