75600000         205508563000109                    0403390000000093718 Contal Processamento de Dados SICOOB                                  10210202310422900145608100000                                                                     
75600011R01  040 2005508563000109                    0403390000000093718 Contal Processamento de Dados                                                                                 000014560210202300000000                                 
7560001300001P 010403390000000093718 000052700801014     10 221              1510202300000000003378000000 02N02102023200000000000000000000100000000000000000000000000000000000000000000000000000000                         1050   090000000000 
7560001300002Q 012047809503000176SEBASTIAO PEREIRA DE ARAUJO             RUA ABILIO CALIXTO, 792                 COROMANDEL     38550000COROMANDEL     MG0000000000000000                                        000                            
7560001300003R 01000000000000000000000000000000000000000000000000200000000000000000000200           6,76                                    0,11                                                       0000000000000000 000000000000  0         
7560001300004S 013 6,76 0,11SUJEITO A PROTESTO APÓS 5 DIAS DO VENCIMENTO                                                                                                                                                                        
75600015         00000600000100000000000033780000000000000000000000000000000000000000000000000000000000000000000000                                                                                                                             
75699999         000001000008000000                                                                                                                                                                                                             
