75600000         205508563000109                    0403390000000093718 Contal Processamento de Dados SICOOB                                  10310202310381300145708100000                                                                     
75600011R01  040 2005508563000109                    0403390000000093718 Contal Processamento de Dados                                                                                 000014570310202300000000                                 
7560001300001P 010403390000000093718 000052701501014     10 221              0510202300000000007745000000 02N03102023200000000000000000000100000000000000000000000000000000000000000000000000000000                         1050   090000000000 
7560001300002Q 012003992052000180DROGARIA IRMAOS CUNHA LTDA ME           AV RUI BARBOSA, 664                     CENTRO         38740000PATROCINIO     MG0000000000000000                                        000                            
7560001300003R 01000000000000000000000000000000000000000000000000200000000000000000000200           15,49                                   0,26                                                       0000000000000000 000000000000  0         
7560001300004S 013 15,49 0,26SUJEITO A PROTESTO APÓS 5 DIAS DO VENCIMENTO                                                                                                                                                                       
7560001300005P 010403390000000093718 000052702201014     10 222              0510202300000000005300000000 02N03102023200000000000000000000100000000000000000000000000000000000000000000000000000000                         1050   090000000000 
7560001300006Q 012048700803000185GABRIEL SOUZA VITOR                     RUA MANOELA MARQUES, 320                MORADA DO SOL  38744574PATROCINIO     MG0000000000000000                                        000                            
7560001300007R 01000000000000000000000000000000000000000000000000200000000000000000000200           10,60                                   0,18                                                       0000000000000000 000000000000  0         
7560001300008S 013 10,60 0,18SUJEITO A PROTESTO APÓS 5 DIAS DO VENCIMENTO                                                                                                                                                                       
7560001300009P 010403390000000093718 000052703001014     10 223              0510202300000000001350000000 02N03102023200000000000000000000100000000000000000000000000000000000000000000000000000000                         1050   090000000000 
7560001300010Q 012044906951000108MARCOS WESLEY CUNHA DE LIMA             RUA MARIA FRANCA DE ARAUJO, 290         CONGONHAS      38743220PATROCINIO     MG0000000000000000                                        000                            
7560001300011R 01000000000000000000000000000000000000000000000000200000000000000000000200           2,70                                    0,05                                                       0000000000000000 000000000000  0         
7560001300012S 013 2,70 0,05SUJEITO A PROTESTO APÓS 5 DIAS DO VENCIMENTO                                                                                                                                                                        
75600015         00001400000300000000000143950000000000000000000000000000000000000000000000000000000000000000000000                                                                                                                             
75699999         000001000016000000                                                                                                                                                                                                             
