75600000         205508563000109                    0403390000000093718 Contal Processamento de Dados SICOOB                                  10910202309145000145908100000                                                                     
75600011R01  040 2005508563000109                    0403390000000093718 Contal Processamento de Dados                                                                                 000014590910202300000000                                 
7560001300001P 010403390000000093718 000052705401014     10 221              2510202300000000007500000000 02N09102023200000000000000000000100000000000000000000000000000000000000000000000000000000                         1050   090000000000 
7560001300002Q 012052272296000101HALISSON P. DUARTE LTDA                 RUA PAINEIRA, 94                        MORADA DO SOL  38415168UBERLANDIA     MG0000000000000000                                        000                            
7560001300003R 01000000000000000000000000000000000000000000000000200000000000000000000200           15,00                                   0,25                                                       0000000000000000 000000000000  0         
7560001300004S 013 15,00 0,25SUJEITO A PROTESTO APÓS 5 DIAS DO VENCIMENTO                                                                                                                                                                       
75600015         00000600000100000000000075000000000000000000000000000000000000000000000000000000000000000000000000                                                                                                                             
75699999         000001000008000000                                                                                                                                                                                                             
