75600000         205508563000109                    0403390000000093718 Contal Processamento de Dados SICOOB                                  12410202313172400146008100000                                                                     
75600011R01  040 2005508563000109                    0403390000000093718 Contal Processamento de Dados                                                                                 000014602410202300000000                                 
7560001300001P 010403390000000093718 000052706101014     10 221              2710202300000000005570000000 02N24102023200000000000000000000100000000000000000000000000000000000000000000000000000000                         1050   090000000000 
7560001300002Q 012041936760000192JONATAS GONCALVES DA CUNHA              RUA ESTADOS UNIDOS, 1757                NACOES         38745136PATROCINIO     MG0000000000000000                                        000                            
7560001300003R 01000000000000000000000000000000000000000000000000200000000000000000000200           11,14                                   0,19                                                       0000000000000000 000000000000  0         
7560001300004S 013 11,14 0,19SUJEITO A PROTESTO APÓS 5 DIAS DO VENCIMENTO                                                                                                                                                                       
75600015         00000600000100000000000055700000000000000000000000000000000000000000000000000000000000000000000000                                                                                                                             
75699999         000001000008000000                                                                                                                                                                                                             
