75600000         205508563000109                    0403390000000093718 Contal Processamento de Dados SICOOB                                  12710202313134700146208100000                                                                     
75600011R01  040 2005508563000109                    0403390000000093718 Contal Processamento de Dados                                                                                 000014622710202300000000                                 
7560001300001P 010403390000000093718 000052708601014     10 221              1011202300000000004904000000 02N27102023200000000000000000000100000000000000000000000000000000000000000000000000000000                         1050   090000000000 
7560001300002Q 012005419337000151PADARIA E LANCHONETE HM LTDA            RUA MANOEL DAMAS, 602                   SAO BENEDITO   38743058PATROCINIO     MG0000000000000000                                        000                            
7560001300003R 01000000000000000000000000000000000000000000000000200000000000000000000200           9,81                                    0,16                                                       0000000000000000 000000000000  0         
7560001300004S 013 9,81 0,16SUJEITO A PROTESTO APÓS 5 DIAS DO VENCIMENTO                                                                                                                                                                        
7560001300005P 010403390000000093718 000052709301014     10 222              0511202300000000000494000000 02N27102023200000000000000000000100000000000000000000000000000000000000000000000000000000                         1050   090000000000 
7560001300006Q 012045896517000149RESTAURANTE E LACHONETE HS LTDA         ALEMDA DAS PEROBAS, 60                  MORADA NOVA    38748582PATROCINIO     MG0000000000000000                                        000                            
7560001300007R 01000000000000000000000000000000000000000000000000200000000000000000000200           0,99                                    0,02                                                       0000000000000000 000000000000  0         
7560001300008S 013 0,99 0,02SUJEITO A PROTESTO APÓS 5 DIAS DO VENCIMENTO                                                                                                                                                                        
75600015         00001000000200000000000053980000000000000000000000000000000000000000000000000000000000000000000000                                                                                                                             
75699999         000001000012000000                                                                                                                                                                                                             
