75600000         205508563000109                    0403390000000093718 Contal Processamento de Dados SICOOB                                  13010202313550500146508100000                                                                     
75600011R01  040 2005508563000109                    0403390000000093718 Contal Processamento de Dados                                                                                 000014653010202300000000                                 
7560001300001P 010403390000000093718 000053032001014     10 221              1011202300000000001236800000 02N30102023200000000000000000000100000000000000000000000000000000000000000000000000000000                         1050   090000000000 
7560001300002Q 011000003181313661ALEXSANDER SOUZA GRAMA                  RUA PRESIDENTE VARGAS APTO 305          CENTRO         38740000PATROCINIO     MG0000000000000000                                        000                            
7560001300003R 01000000000000000000000000000000000000000000000000200000000000000000000200           2,47                                    0,04                                                       0000000000000000 000000000000  0         
7560001300004S 013 2,47 0,04SUJEITO A PROTESTO APÓS 5 DIAS DO VENCIMENTO                                                                                                                                                                        
7560001300005P 010403390000000093718 000053033701014     10 222              2511202300000000018675000000 02N30102023200000000000000000000100000000000000000000000000000000000000000000000000000000                         1050   090000000000 
7560001300006Q 012017674326000105CRIAR INCORP E EDIFICIOS LTDA           RUA MARANHAO,                           CONEGO GETULIO 38700000PATOS DE MINAS MG0000000000000000                                        000                            
7560001300007R 01000000000000000000000000000000000000000000000000200000000000000000000200           37,35                                   0,62                                                       0000000000000000 000000000000  0         
7560001300008S 013 37,35 0,62SUJEITO A PROTESTO APÓS 5 DIAS DO VENCIMENTO                                                                                                                                                                       
75600015         00001000000200000000000199118000000000000000000000000000000000000000000000000000000000000000000000                                                                                                                             
75699999         000001000012000000                                                                                                                                                                                                             
