75600000         205508563000109                    0403390000000093718 Contal Processamento de Dados SICOOB                                  10611202310485400146808100000                                                                     
75600011R01  040 2005508563000109                    0403390000000093718 Contal Processamento de Dados                                                                                 000014680611202300000000                                 
7560001300001P 010403390000000093718 000053040901014     10 221              1011202300000000000911000000 02N06112023200000000000000000000100000000000000000000000000000000000000000000000000000000                         1050   090000000000 
7560001300002Q 011000070874581672SANDRA MARIA RABELO                     AV JACINTO BARBOSA, 172                 N SRA DE FATIMA38742022PATROCINIO     MG0000000000000000                                        000                            
7560001300003R 01000000000000000000000000000000000000000000000000200000000000000000000200           1,82                                    0,03                                                       0000000000000000 000000000000  0         
7560001300004S 013 1,82 0,03SUJEITO A PROTESTO APÓS 5 DIAS DO VENCIMENTO                                                                                                                                                                        
7560001300005P 010403390000000093718 000053041601014     10 222              1011202300000000003750000000 02N06112023200000000000000000000100000000000000000000000000000000000000000000000000000000                         1050   090000000000 
7560001300006Q 011000070874581672SANDRA MARIA RABELO E OUTROS            RUA JACOB MARRA, 1145                   CENTRO         38740000PATROCINIO     MG0000000000000000                                        000                            
7560001300007R 01000000000000000000000000000000000000000000000000200000000000000000000200           7,50                                    0,13                                                       0000000000000000 000000000000  0         
7560001300008S 013 7,50 0,13SUJEITO A PROTESTO APÓS 5 DIAS DO VENCIMENTO                                                                                                                                                                        
75600015         00001000000200000000000046610000000000000000000000000000000000000000000000000000000000000000000000                                                                                                                             
75699999         000001000012000000                                                                                                                                                                                                             
