75600000         205508563000109                    0403390000000093718 Contal Processamento de Dados SICOOB                                  10611202317061500147008100000                                                                     
75600011R01  040 2005508563000109                    0403390000000093718 Contal Processamento de Dados                                                                                 000014700611202300000000                                 
7560001300001P 010403390000000093718 000053043001014     10 221              1011202300000000001850000000 02N06112023200000000000000000000100000000000000000000000000000000000000000000000000000000                         1050   090000000000 
7560001300002Q 012052237953000171VANILDA MARTINS ROSA                    RUA FRANCISCO FIRMINO DE SOUZA, 1144    SERRA NEGRA    38745594PATROCINIO     MG0000000000000000                                        000                            
7560001300003R 01000000000000000000000000000000000000000000000000200000000000000000000200           3,70                                    0,06                                                       0000000000000000 000000000000  0         
7560001300004S 013 3,70 0,06SUJEITO A PROTESTO APÓS 5 DIAS DO VENCIMENTO                                                                                                                                                                        
75600015         00000600000100000000000018500000000000000000000000000000000000000000000000000000000000000000000000                                                                                                                             
75699999         000001000008000000                                                                                                                                                                                                             
