75600000         205508563000109                    0403390000000093718 Contal Processamento de Dados SICOOB                                  10711202308541500147108100000                                                                     
75600011R01  040 2005508563000109                    0403390000000093718 Contal Processamento de Dados                                                                                 000014710711202300000000                                 
7560001300001P 010403390000000093718 000053044801014     10 221              1011202300000000001236800000 02N07112023200000000000000000000100000000000000000000000000000000000000000000000000000000                         1050   090000000000 
7560001300002Q 011000003181313661ALEXANDER SOUZA GRAMA                   AV RUI BARBOSA, 825 APTO 1102           SAO FRANCISCO  38742016PATROCINIO     MG0000000000000000                                        000                            
7560001300003R 01000000000000000000000000000000000000000000000000200000000000000000000200           2,47                                    0,04                                                       0000000000000000 000000000000  0         
7560001300004S 013 2,47 0,04SUJEITO A PROTESTO APÓS 5 DIAS DO VENCIMENTO                                                                                                                                                                        
75600015         00000600000100000000000012368000000000000000000000000000000000000000000000000000000000000000000000                                                                                                                             
75699999         000001000008000000                                                                                                                                                                                                             
