75600000         205508563000109                    0403390000000093718 Contal Processamento de Dados SICOOB                                  12011202308491900147208100000                                                                     
75600011R01  040 2005508563000109                    0403390000000093718 Contal Processamento de Dados                                                                                 000014722011202300000000                                 
7560001300001P 010403390000000093718 000053045501014     10 221              2011202300000000001500000000 02N20112023200000000000000000000100000000000000000000000000000000000000000000000000000000                         1050   090000000000 
7560001300002Q 011000095169130678ADRIANO GILBERTO GROSSI                 FAZENDA CORREGO DO BURITI               ZONA RUAL      39570000GRAO MONGOL    MG0000000000000000                                        000                            
7560001300003R 01000000000000000000000000000000000000000000000000200000000000000000000200           3,00                                    0,05                                                       0000000000000000 000000000000  0         
7560001300004S 013 3,00 0,05SUJEITO A PROTESTO APÓS 5 DIAS DO VENCIMENTO                                                                                                                                                                        
7560001300005P 010403390000000093718 000053046201014     10 222              2011202300000000004000000000 02N20112023200000000000000000000100000000000000000000000000000000000000000000000000000000                         1050   090000000000 
7560001300006Q 012015103512000150AGG CONST. E INCORPORADORA LTDA         RUA PADRE MODESTO                       CENTRO         38743040PATROCINIO     MG0000000000000000                                        000                            
7560001300007R 01000000000000000000000000000000000000000000000000200000000000000000000200           8,00                                    0,13                                                       0000000000000000 000000000000  0         
7560001300008S 013 8,00 0,13SUJEITO A PROTESTO APÓS 5 DIAS DO VENCIMENTO                                                                                                                                                                        
75600015         00001000000200000000000055000000000000000000000000000000000000000000000000000000000000000000000000                                                                                                                             
75699999         000001000012000000                                                                                                                                                                                                             
