75600000         205508563000109                    0403390000000093718 Contal Processamento de Dados SICOOB                                  12111202310441100147308100000                                                                     
75600011R01  040 2005508563000109                    0403390000000093718 Contal Processamento de Dados                                                                                 000014732111202300000000                                 
7560001300001P 010403390000000093718 000053047001014     10 221              2511202300000000006484400000 02N21112023200000000000000000000100000000000000000000000000000000000000000000000000000000                         1050   090000000000 
7560001300002Q 012019809867000110JLE LOGISTICA EIRELI                    AV RAULINO COTTA PACHECO, 1589          VILA FATIMA    38400372UBERLÂNDIA     MG0000000000000000                                        000                            
7560001300003R 01000000000000000000000000000000000000000000000000200000000000000000000200           12,97                                   0,22                                                       0000000000000000 000000000000  0         
7560001300004S 013 12,97 0,22SUJEITO A PROTESTO APÓS 5 DIAS DO VENCIMENTO                                                                                                                                                                       
75600015         00000600000100000000000064844000000000000000000000000000000000000000000000000000000000000000000000                                                                                                                             
75699999         000001000008000000                                                                                                                                                                                                             
