75600000         205508563000109                    0403390000000093718 Contal Processamento de Dados SICOOB                                  12311202317261800147508100000                                                                     
75600011R01  040 2005508563000109                    0403390000000093718 Contal Processamento de Dados                                                                                 000014752311202300000000                                 
7560001300001P 010403390000000093718 000053369701014     10 221              1812202300000000006005000000 02N23112023200000000000000000000100000000000000000000000000000000000000000000000000000000                         1050   090000000000 
7560001300002Q 012016740342000188IMAGEM CIRURGIA PLASTICA LTDA - ME      AV. RAJA GABAGLIA, 561                  CIDADE JARDIM  30380103BELO HORIZONTE MG0000000000000000                                        000                            
7560001300003R 01000000000000000000000000000000000000000000000000200000000000000000000200           12,01                                  ENCERRAMENTO EXERCICIO 2023 0,20                            0000000000000000 000000000000  0         
7560001300004S 013 12,01ENCERRAMENTO EXERCICIO 2023 0,20SUJEITO A PROTESTO APÓS 5 DIAS DO VENCIMENTO                                                                                                                                            
7560001300005P 010403390000000093718 000053370501014     10 222              1812202300000000012010300000 02N23112023200000000000000000000100000000000000000000000000000000000000000000000000000000                         1050   090000000000 
7560001300006Q 012003177653000139IMAGEM EMPREENDIMENTOS E CONSTRUCOES    RUA GOVERNADOR VALADARES, 1167          CENTRO         38740000PATROCINIO     MG0000000000000000                                        000                            
7560001300007R 01000000000000000000000000000000000000000000000000200000000000000000000200           24,02                                  ENCERRAMENTO EXERCICIO 2023 0,40                            0000000000000000 000000000000  0         
7560001300008S 013 24,02ENCERRAMENTO EXERCICIO 2023 0,40SUJEITO A PROTESTO APÓS 5 DIAS DO VENCIMENTO                                                                                                                                            
7560001300009P 010403390000000093718 000053371201014     10 223              1812202300000000005297000000 02N23112023200000000000000000000100000000000000000000000000000000000000000000000000000000                         1050   090000000000 
7560001300010Q 012006271515000102IMOBILIARIA PAULO E BRUNO IMOVEIS LTDA  PRAÇA SANTA LUZIA, 317                  CENTRO         38740000PATROCINIO     MG0000000000000000                                        000                            
7560001300011R 01000000000000000000000000000000000000000000000000200000000000000000000200           10,59                                  ENCERRAMENTO EXERCICIO 2023 0,18                            0000000000000000 000000000000  0         
7560001300012S 013 10,59ENCERRAMENTO EXERCICIO 2023 0,18SUJEITO A PROTESTO APÓS 5 DIAS DO VENCIMENTO                                                                                                                                            
7560001300013P 010403390000000093718 000053372001014     10 224              1812202300000000001020000000 02N23112023200000000000000000000100000000000000000000000000000000000000000000000000000000                         1050   090000000000 
7560001300014Q 012021229882000131IND DE MOVEIS BARBOSA OLIVEIRA LTDA     RUA DOUTOR SILVESTRE MOREIRA, 2947      SAO BENEDITO   38743082PATROCINIO     MG0000000000000000                                        000                            
7560001300015R 01000000000000000000000000000000000000000000000000200000000000000000000200           2,04                                   ENCERRAMENTO EXERCICIO 2023 0,03                            0000000000000000 000000000000  0         
7560001300016S 013 2,04ENCERRAMENTO EXERCICIO 2023 0,03SUJEITO A PROTESTO APÓS 5 DIAS DO VENCIMENTO                                                                                                                                             
7560001300017P 010403390000000093718 000053373701014     10 225              1812202300000000010797000000 02N23112023200000000000000000000100000000000000000000000000000000000000000000000000000000                         1050   090000000000 
7560001300018Q 012033227096000184INDUSTRIA E COMERCIO DE AMENDOIM SILVA LESTADA PATROCINIO CRUZEIRO A 19 KM A ESQZONA RURAL     38740000PATROCINIO     MG0000000000000000                                        000                            
7560001300019R 01000000000000000000000000000000000000000000000000200000000000000000000200           21,59                                  ENCERRAMENTO EXERCICIO 2023 0,36                            0000000000000000 000000000000  0         
7560001300020S 013 21,59ENCERRAMENTO EXERCICIO 2023 0,36SUJEITO A PROTESTO APÓS 5 DIAS DO VENCIMENTO                                                                                                                                            
7560001300021P 010403390000000093718 000053374401014     10 226              1812202300000000001350000000 02N23112023200000000000000000000100000000000000000000000000000000000000000000000000000000                         1050   090000000000 
7560001300022Q 012021805374000154JANETE MARIA RODRIGUES                  RUA IRMA RENE, 277                      SAO VICENTE    38740000PATROCINIO     MG0000000000000000                                        000                            
7560001300023R 01000000000000000000000000000000000000000000000000200000000000000000000200           2,70                                   ENCERRAMENTO EXERCICIO 2023 0,05                            0000000000000000 000000000000  0         
7560001300024S 013 2,70ENCERRAMENTO EXERCICIO 2023 0,05SUJEITO A PROTESTO APÓS 5 DIAS DO VENCIMENTO                                                                                                                                             
7560001300025P 010403390000000093718 000053375101014     10 227              1812202300000000001907000000 02N23112023200000000000000000000100000000000000000000000000000000000000000000000000000000                         1050   090000000000 
7560001300026Q 011000080777384604JOAO JOSE DA SILVA                      FAZENDA                                 ZONA RURAL     38740970PATROCINIO     MG0000000000000000                                        000                            
7560001300027R 01000000000000000000000000000000000000000000000000200000000000000000000200           3,81                                   ENCERRAMENTO EXERCICIO 2023 0,06                            0000000000000000 000000000000  0         
7560001300028S 013 3,81ENCERRAMENTO EXERCICIO 2023 0,06SUJEITO A PROTESTO APÓS 5 DIAS DO VENCIMENTO                                                                                                                                             
7560001300029P 010403390000000093718 000053376901014     10 228              1812202300000000001350000000 02N23112023200000000000000000000100000000000000000000000000000000000000000000000000000000                         1050   090000000000 
7560001300030Q 012019213031000159JOB FERREIRA JUNIOR                     RUA PORTUGAL, 2417                      NACOES         38740000PATROCINIO     MG0000000000000000                                        000                            
7560001300031R 01000000000000000000000000000000000000000000000000200000000000000000000200           2,70                                   ENCERRAMENTO EXERCICIO 2023 0,05                            0000000000000000 000000000000  0         
7560001300032S 013 2,70ENCERRAMENTO EXERCICIO 2023 0,05SUJEITO A PROTESTO APÓS 5 DIAS DO VENCIMENTO                                                                                                                                             
7560001300033P 010403390000000093718 000053377601014     10 229              1812202300000000003950000000 02N23112023200000000000000000000100000000000000000000000000000000000000000000000000000000                         1050   090000000000 
7560001300034Q 012041936760000192JONATAS GONCALVES DA CUNHA              RUA ESTADOS UNIDOS, 1757                NACOES         38745136PATROCINIO     MG0000000000000000                                        000                            
7560001300035R 01000000000000000000000000000000000000000000000000200000000000000000000200           7,90                                   ENCERRAMENTO EXERCICIO 2023 0,13                            0000000000000000 000000000000  0         
7560001300036S 013 7,90ENCERRAMENTO EXERCICIO 2023 0,13SUJEITO A PROTESTO APÓS 5 DIAS DO VENCIMENTO                                                                                                                                             
7560001300037P 010403390000000093718 000053378301014     10 2210             1812202300000000001350000000 02N23112023200000000000000000000100000000000000000000000000000000000000000000000000000000                         1050   090000000000 
7560001300038Q 012046057738000196JOSE DA SILVA                           RUA TEODORO GONCALVES, 954              SAO CRISTOVAO  38740000PATROCINIO     MG0000000000000000                                        000                            
7560001300039R 01000000000000000000000000000000000000000000000000200000000000000000000200           2,70                                   ENCERRAMENTO EXERCICIO 2023 0,05                            0000000000000000 000000000000  0         
7560001300040S 013 2,70ENCERRAMENTO EXERCICIO 2023 0,05SUJEITO A PROTESTO APÓS 5 DIAS DO VENCIMENTO                                                                                                                                             
7560001300041P 010403390000000093718 000053379001014     10 2211             1812202300000000006005000000 02N23112023200000000000000000000100000000000000000000000000000000000000000000000000000000                         1050   090000000000 
7560001300042Q 011000008123063687JOSE MAURICIO DE FIGUEIREDO             FAZENDA SAO BERNARDO                    ZONA RURAL     38740000PATROCINIO     MG0000000000000000                                        000                            
7560001300043R 01000000000000000000000000000000000000000000000000200000000000000000000200           12,01                                  ENCERRAMENTO EXERCICIO 2023 0,20                            0000000000000000 000000000000  0         
7560001300044S 013 12,01ENCERRAMENTO EXERCICIO 2023 0,20SUJEITO A PROTESTO APÓS 5 DIAS DO VENCIMENTO                                                                                                                                            
7560001300045P 010403390000000093718 000053380901014     10 2212             1812202300000000000710000000 02N23112023200000000000000000000100000000000000000000000000000000000000000000000000000000                         1050   090000000000 
7560001300046Q 011000049133241600JOSUE CHAGAS                            RUA DR GUSTAVO MACHADO, 775             SAO VICENTE    38387401PATROCINIO     MG0000000000000000                                        000                            
7560001300047R 01000000000000000000000000000000000000000000000000200000000000000000000200           1,42                                   ENCERRAMENTO EXERCICIO 2023 0,02                            0000000000000000 000000000000  0         
7560001300048S 013 1,42ENCERRAMENTO EXERCICIO 2023 0,02SUJEITO A PROTESTO APÓS 5 DIAS DO VENCIMENTO                                                                                                                                             
7560001300049P 010403390000000093718 000053381601014     10 2213             1812202300000000002839000000 02N23112023200000000000000000000100000000000000000000000000000000000000000000000000000000                         1050   090000000000 
7560001300050Q 012044520462000105KEILA MAYRINK GONCALVES                 RUA ZOROASTRO DA MOTA MACHADO 434       MORADA DO SOL  38744860PATROCINIO     MG0000000000000000                                        000                            
7560001300051R 01000000000000000000000000000000000000000000000000200000000000000000000200           5,68                                   ENCERRAMENTO EXERCICIO 2023 0,09                            0000000000000000 000000000000  0         
7560001300052S 013 5,68ENCERRAMENTO EXERCICIO 2023 0,09SUJEITO A PROTESTO APÓS 5 DIAS DO VENCIMENTO                                                                                                                                             
7560001300053P 010403390000000093718 000053382301014     10 2214             1812202300000000003956000000 02N23112023200000000000000000000100000000000000000000000000000000000000000000000000000000                         1050   090000000000 
7560001300054Q 012026415100000172KLEUBER LUIZ DA SILVA                   RUA CANADA 3605                         NACOES         38740000PATROCINIO     MG0000000000000000                                        000                            
7560001300055R 01000000000000000000000000000000000000000000000000200000000000000000000200           7,91                                   ENCERRAMENTO EXERCICIO 2023 0,13                            0000000000000000 000000000000  0         
7560001300056S 013 7,91ENCERRAMENTO EXERCICIO 2023 0,13SUJEITO A PROTESTO APÓS 5 DIAS DO VENCIMENTO                                                                                                                                             
7560001300057P 010403390000000093718 000053383001014     10 2215             1812202300000000005500000000 02N23112023200000000000000000000100000000000000000000000000000000000000000000000000000000                         1050   090000000000 
7560001300058Q 012007372666000110LANCHONETE E RESTAURANTE CRUZ TEIXEIRA LAV JACINTO BARBOSA, 191                 SAOFRANCISCO   38742014PATROCINIO     MG0000000000000000                                        000                            
7560001300059R 01000000000000000000000000000000000000000000000000200000000000000000000200           11,00                                  ENCERRAMENTO EXERCICIO 2023 0,18                            0000000000000000 000000000000  0         
7560001300060S 013 11,00ENCERRAMENTO EXERCICIO 2023 0,18SUJEITO A PROTESTO APÓS 5 DIAS DO VENCIMENTO                                                                                                                                            
7560001300061P 010403390000000093718 000053384801014     10 2216             1812202300000000003950000000 02N23112023200000000000000000000100000000000000000000000000000000000000000000000000000000                         1050   090000000000 
7560001300062Q 012015026822000119M E C COMERCIO E REP LTDA               AV ORLANDO BARBOSA, 2044                SANTA TEREZINHA38742098PATROCINIO     MG0000000000000000                                        000                            
7560001300063R 01000000000000000000000000000000000000000000000000200000000000000000000200           7,90                                   ENCERRAMENTO EXERCICIO 2023 0,13                            0000000000000000 000000000000  0         
7560001300064S 013 7,90ENCERRAMENTO EXERCICIO 2023 0,13SUJEITO A PROTESTO APÓS 5 DIAS DO VENCIMENTO                                                                                                                                             
7560001300065P 010403390000000093718 000053385501014     10 2217             1812202300000000007280000000 02N23112023200000000000000000000100000000000000000000000000000000000000000000000000000000                         1050   090000000000 
7560001300066Q 012042992487000186MACHADO E MACHADO REPRESENTACOES LTDA   RUA JOSE LUIZ DA SILVA, 112             SAO JUDAS TADEU38740000PATROCINIO     MG0000000000000000                                        000                            
7560001300067R 01000000000000000000000000000000000000000000000000200000000000000000000200           14,56                                  ENCERRAMENTO EXERCICIO 2023 0,24                            0000000000000000 000000000000  0         
7560001300068S 013 14,56ENCERRAMENTO EXERCICIO 2023 0,24SUJEITO A PROTESTO APÓS 5 DIAS DO VENCIMENTO                                                                                                                                            
7560001300069P 010403390000000093718 000053386201014     10 2218             1812202300000000003008000000 02N23112023200000000000000000000100000000000000000000000000000000000000000000000000000000                         1050   090000000000 
7560001300070Q 012032933403000180MARCELLA CAIXETA ROSA                   AV ORLANDO BARBOSA 2135                 SANTA TEREZINHA38742084PATROCINIO     MG0000000000000000                                        000                            
7560001300071R 01000000000000000000000000000000000000000000000000200000000000000000000200           6,02                                   ENCERRAMENTO EXERCICIO 2023 0,10                            0000000000000000 000000000000  0         
7560001300072S 013 6,02ENCERRAMENTO EXERCICIO 2023 0,10SUJEITO A PROTESTO APÓS 5 DIAS DO VENCIMENTO                                                                                                                                             
7560001300073P 010403390000000093718 000053387001014     10 2219             1812202300000000000000100000 02N23112023200000000000000000000100000000000000000000000000000000000000000000000000000000                         1050   090000000000 
7560001300074Q 011000054956196687VALDEMIR JOSE DA SILVA                  AV FARIA PEREIRA, 3003, APTO 202 3003   MARCIANO BRANDA38740478PATROCINIO     MG0000000000000000                                        000                            
7560001300075R 01000000000000000000000000000000000000000000000000200000000000000000000200           0,00                                   ENCERRAMENTO EXERCICIO 2023 0,00                            0000000000000000 000000000000  0         
7560001300076S 013 0,00ENCERRAMENTO EXERCICIO 2023 0,00SUJEITO A PROTESTO APÓS 5 DIAS DO VENCIMENTO                                                                                                                                             
75600015         00007800001900000000000782844000000000000000000000000000000000000000000000000000000000000000000000                                                                                                                             
75699999         000001000080000000                                                                                                                                                                                                             
