75600000         205508563000109                    0403390000000093718 Contal Processamento de Dados SICOOB                                  12411202313524600147608100000                                                                     
75600011R01  040 2005508563000109                    0403390000000093718 Contal Processamento de Dados                                                                                 000014762411202300000000                                 
7560001300001P 010403390000000093718 000053388701014     10 221              1812202300000000004568000000 02N24112023200000000000000000000100000000000000000000000000000000000000000000000000000000                         1050   090000000000 
7560001300002Q 011000043925758968MARIA LUCIA BONILHA BURGER              FAZENDA SERRA NEGRA                     ZONA RURAL     38740000PATROCINIO     MG0000000000000000                                        000                            
7560001300003R 01000000000000000000000000000000000000000000000000200000000000000000000200           9,14                                   ENCERRAMENTO EXERCICIO 2023 0,15                            0000000000000000 000000000000  0         
7560001300004S 013 9,14ENCERRAMENTO EXERCICIO 2023 0,15SUJEITO A PROTESTO APÓS 5 DIAS DO VENCIMENTO                                                                                                                                             
7560001300005P 010403390000000093718 000053389401014     10 222              1812202300000000007700000000 02N24112023200000000000000000000100000000000000000000000000000000000000000000000000000000                         1050   090000000000 
7560001300006Q 012001506516000175MARIO FERNANDO BOTELHO                  AV ODIR ALEIXO, 860                     ENEAS FERREIRA 38740001PATROCINIO     MG0000000000000000                                        000                            
7560001300007R 01000000000000000000000000000000000000000000000000200000000000000000000200           15,40                                  ENCERRAMENTO EXERCICIO 2023 0,26                            0000000000000000 000000000000  0         
7560001300008S 013 15,40ENCERRAMENTO EXERCICIO 2023 0,26SUJEITO A PROTESTO APÓS 5 DIAS DO VENCIMENTO                                                                                                                                            
7560001300009P 010403390000000093718 000053390201014     10 223              1812202300000000003956000000 02N24112023200000000000000000000100000000000000000000000000000000000000000000000000000000                         1050   090000000000 
7560001300010Q 012044254389000177MERCEARIA SERGIPENSE LTDA               RUA MOM SENHOR FLEURI, 220              DISTRITO PANTAN38550000COROMANDEL     MG0000000000000000                                        000                            
7560001300011R 01000000000000000000000000000000000000000000000000200000000000000000000200           7,91                                   ENCERRAMENTO EXERCICIO 2023 0,13                            0000000000000000 000000000000  0         
7560001300012S 013 7,91ENCERRAMENTO EXERCICIO 2023 0,13SUJEITO A PROTESTO APÓS 5 DIAS DO VENCIMENTO                                                                                                                                             
7560001300013P 010403390000000093718 000053391001014     10 224              1812202300000000001505000000 02N24112023200000000000000000000100000000000000000000000000000000000000000000000000000000                         1050   090000000000 
7560001300014Q 012012185893000176MI REPRESENTACOES LTDA                  AV MARCIANO PIRES 2843                  BELVEDERE      38740000PATROCINIO     MG0000000000000000                                        000                            
7560001300015R 01000000000000000000000000000000000000000000000000200000000000000000000200           3,01                                   ENCERRAMENTO EXERCICIO 2023 0,05                            0000000000000000 000000000000  0         
7560001300016S 013 3,01ENCERRAMENTO EXERCICIO 2023 0,05SUJEITO A PROTESTO APÓS 5 DIAS DO VENCIMENTO                                                                                                                                             
7560001300017P 010403390000000093718 000053392701014     10 225              1812202300000000001929000000 02N24112023200000000000000000000100000000000000000000000000000000000000000000000000000000                         1050   090000000000 
7560001300018Q 012036385091000178NEO DESIGN LTDA                         AV RUI BARBOSA, 621 LOJA 03             CENTRO         38740012PATROCINIO     MG0000000000000000                                        000                            
7560001300019R 01000000000000000000000000000000000000000000000000200000000000000000000200           3,86                                   ENCERRAMENTO EXERCICIO 2023 0,06                            0000000000000000 000000000000  0         
7560001300020S 013 3,86ENCERRAMENTO EXERCICIO 2023 0,06SUJEITO A PROTESTO APÓS 5 DIAS DO VENCIMENTO                                                                                                                                             
7560001300021P 010403390000000093718 000053393401014     10 226              1812202300000000001876000000 02N24112023200000000000000000000100000000000000000000000000000000000000000000000000000000                         1050   090000000000 
7560001300022Q 012025006741000100PATRICIA DE OLIVEIRA DIAS               RUA ASA BRANCA, 144                     MOADA DO SOL   38744830PATROCINIO     MG0000000000000000                                        000                            
7560001300023R 01000000000000000000000000000000000000000000000000200000000000000000000200           3,75                                   ENCERRAMENTO EXERCICIO 2023 0,06                            0000000000000000 000000000000  0         
7560001300024S 013 3,75ENCERRAMENTO EXERCICIO 2023 0,06SUJEITO A PROTESTO APÓS 5 DIAS DO VENCIMENTO                                                                                                                                             
7560001300025P 010403390000000093718 000053394101014     10 227              1812202300000000011080000000 02N24112023200000000000000000000100000000000000000000000000000000000000000000000000000000                         1050   090000000000 
7560001300026Q 012018518738000100PATRO PAO LTDA                          AV FARIA PEREIRA, 2225                  CENTRO         38740000PATROCINIO     MG0000000000000000                                        000                            
7560001300027R 01000000000000000000000000000000000000000000000000200000000000000000000200           22,16                                  ENCERRAMENTO EXERCICIO 2023 0,37                            0000000000000000 000000000000  0         
7560001300028S 013 22,16ENCERRAMENTO EXERCICIO 2023 0,37SUJEITO A PROTESTO APÓS 5 DIAS DO VENCIMENTO                                                                                                                                            
7560001300029P 010403390000000093718 000053395901014     10 228              1812202300000000001700000000 02N24112023200000000000000000000100000000000000000000000000000000000000000000000000000000                         1050   090000000000 
7560001300030Q 012023890470000173PLENO CAFE COMERCIO INDUSTRIA E EXPORTACAV PORTO ALEGRE 1225                    MILENIUM       38446218ARAGUARI       MG0000000000000000                                        000                            
7560001300031R 01000000000000000000000000000000000000000000000000200000000000000000000200           3,40                                   ENCERRAMENTO EXERCICIO 2023 0,06                            0000000000000000 000000000000  0         
7560001300032S 013 3,40ENCERRAMENTO EXERCICIO 2023 0,06SUJEITO A PROTESTO APÓS 5 DIAS DO VENCIMENTO                                                                                                                                             
7560001300033P 010403390000000093718 000053396601014     10 229              1812202300000000005111500000 02N24112023200000000000000000000100000000000000000000000000000000000000000000000000000000                         1050   090000000000 
7560001300034Q 012007055986000146PRE MOLDADOS BARROSO LTDA               RUA PEDRO JACINTO FILHO                 MARCIANO BRANDA38740486PATROCINIO     MG0000000000000000                                        000                            
7560001300035R 01000000000000000000000000000000000000000000000000200000000000000000000200           10,22                                  ENCERRAMENTO EXERCICIO 2023 0,17                            0000000000000000 000000000000  0         
7560001300036S 013 10,22ENCERRAMENTO EXERCICIO 2023 0,17SUJEITO A PROTESTO APÓS 5 DIAS DO VENCIMENTO                                                                                                                                            
7560001300037P 010403390000000093718 000053397301014     10 2210             1812202300000000003073000000 02N24112023200000000000000000000100000000000000000000000000000000000000000000000000000000                         1050   090000000000 
7560001300038Q 012020515416000150RONIE ANDERSON DOS REIS REZENDE         RUA JOSE AFONSO DA CUNHA, 110           JARDIM ELDORADO38740000PATROCINIO     MG0000000000000000                                        000                            
7560001300039R 01000000000000000000000000000000000000000000000000200000000000000000000200           6,15                                   ENCERRAMENTO EXERCICIO 2023 0,10                            0000000000000000 000000000000  0         
7560001300040S 013 6,15ENCERRAMENTO EXERCICIO 2023 0,10SUJEITO A PROTESTO APÓS 5 DIAS DO VENCIMENTO                                                                                                                                             
7560001300041P 010403390000000093718 000053398001014     10 2211             1812202300000000004911000000 02N24112023200000000000000000000100000000000000000000000000000000000000000000000000000000                         1050   090000000000 
7560001300042Q 012023454570000157SOLO AGRONEGOCIO LTDA -ME               RUA MARECHAL FLORIANO,                  CIDADE JARDIM  38740000PATROCINIO     MG0000000000000000                                        000                            
7560001300043R 01000000000000000000000000000000000000000000000000200000000000000000000200           9,82                                   ENCERRAMENTO EXERCICIO 2023 0,16                            0000000000000000 000000000000  0         
7560001300044S 013 9,82ENCERRAMENTO EXERCICIO 2023 0,16SUJEITO A PROTESTO APÓS 5 DIAS DO VENCIMENTO                                                                                                                                             
7560001300045P 010403390000000093718 000053399801014     10 2212             1812202300000000003913000000 02N24112023200000000000000000000100000000000000000000000000000000000000000000000000000000                         1050   090000000000 
7560001300046Q 012021275621000158TABITA DOS REIS CHAGAS                  RUA OSORIO AFONSO DA SILVA 646          CONSTANTINO    38740000PATROCINIO     MG0000000000000000                                        000                            
7560001300047R 01000000000000000000000000000000000000000000000000200000000000000000000200           7,83                                   ENCERRAMENTO EXERCICIO 2023 0,13                            0000000000000000 000000000000  0         
7560001300048S 013 7,83ENCERRAMENTO EXERCICIO 2023 0,13SUJEITO A PROTESTO APÓS 5 DIAS DO VENCIMENTO                                                                                                                                             
7560001300049P 010403390000000093718 000053400101014     10 2213             1812202300000000002534000000 02N24112023200000000000000000000100000000000000000000000000000000000000000000000000000000                         1050   090000000000 
7560001300050Q 012009146527000101TR AGRICOLA LTDA                        RUA PROFESSOR JOAO DE MELO, 196         SAO JUDAS TADEU38740000PATROCINIO     MG0000000000000000                                        000                            
7560001300051R 01000000000000000000000000000000000000000000000000200000000000000000000200           5,07                                   ENCERRAMENTO EXERCICIO 2023 0,08                            0000000000000000 000000000000  0         
7560001300052S 013 5,07ENCERRAMENTO EXERCICIO 2023 0,08SUJEITO A PROTESTO APÓS 5 DIAS DO VENCIMENTO                                                                                                                                             
7560001300053P 010403390000000093718 000053401901014     10 2214             1812202300000000001266600000 02N24112023200000000000000000000100000000000000000000000000000000000000000000000000000000                         1050   090000000000 
7560001300054Q 012052148922000144URB TOPOGRAFIA LTDA                     ALAMEDA DAS AROEIRAS, 690               MORADA NOVA    38748654PATROCINIO     MG0000000000000000                                        000                            
7560001300055R 01000000000000000000000000000000000000000000000000200000000000000000000200           2,53                                   ENCERRAMENTO EXERCICIO 2023 0,04                            0000000000000000 000000000000  0         
7560001300056S 013 2,53ENCERRAMENTO EXERCICIO 2023 0,04SUJEITO A PROTESTO APÓS 5 DIAS DO VENCIMENTO                                                                                                                                             
7560001300057P 010403390000000093718 000053402601014     10 2215             1812202300000000006833000000 02N24112023200000000000000000000100000000000000000000000000000000000000000000000000000000                         1050   090000000000 
7560001300058Q 012005925478000146VAM ESTOFADOS LTDA                      AV FARIA PEREIRA, 216                   NACOES         38740000PATROCINIO     MG0000000000000000                                        000                            
7560001300059R 01000000000000000000000000000000000000000000000000200000000000000000000200           13,67                                  ENCERRAMENTO EXERCICIO 2023 0,23                            0000000000000000 000000000000  0         
7560001300060S 013 13,67ENCERRAMENTO EXERCICIO 2023 0,23SUJEITO A PROTESTO APÓS 5 DIAS DO VENCIMENTO                                                                                                                                            
7560001300061P 010403390000000093718 000053403301014     10 2216             1812202300000000001329000000 02N24112023200000000000000000000100000000000000000000000000000000000000000000000000000000                         1050   090000000000 
7560001300062Q 011000026782871653VANDERLEI MARTINS PESSOA                RUA NELSON CAIXETA DE QUEIROZ, 125      CIDADE JARDIM  38747064PATROCINIO     MG0000000000000000                                        000                            
7560001300063R 01000000000000000000000000000000000000000000000000200000000000000000000200           2,66                                   ENCERRAMENTO EXERCICIO 2023 0,04                            0000000000000000 000000000000  0         
7560001300064S 013 2,66ENCERRAMENTO EXERCICIO 2023 0,04SUJEITO A PROTESTO APÓS 5 DIAS DO VENCIMENTO                                                                                                                                             
7560001300065P 010403390000000093718 000053404001014     10 2217             1812202300000000001200000000 02N24112023200000000000000000000100000000000000000000000000000000000000000000000000000000                         1050   090000000000 
7560001300066Q 012041772645000120VICENTE DE PAULA ROSA                   AV ODIR ALEIXO, 1114                    ENEAS F DE AGUI38741078PATROCINIO     MG0000000000000000                                        000                            
7560001300067R 01000000000000000000000000000000000000000000000000200000000000000000000200           2,40                                   ENCERRAMENTO EXERCICIO 2023 0,04                            0000000000000000 000000000000  0         
7560001300068S 013 2,40ENCERRAMENTO EXERCICIO 2023 0,04SUJEITO A PROTESTO APÓS 5 DIAS DO VENCIMENTO                                                                                                                                             
7560001300069P 010403390000000093718 000053405801014     10 2218             1812202300000000016982500000 02N24112023200000000000000000000100000000000000000000000000000000000000000000000000000000                         1050   090000000000 
7560001300070Q 011000004281228683WANDERLEI MARTINS PESSOA JUNIOR         FAZENDA CAIXETAS                        ZONA RURAL     38740000PATROCINIO     MG0000000000000000                                        000                            
7560001300071R 01000000000000000000000000000000000000000000000000200000000000000000000200           33,97                                  ENCERRAMENTO EXERCICIO 2023 0,57                            0000000000000000 000000000000  0         
7560001300072S 013 33,97ENCERRAMENTO EXERCICIO 2023 0,57SUJEITO A PROTESTO APÓS 5 DIAS DO VENCIMENTO                                                                                                                                            
75600015         00007400001800000000000814676000000000000000000000000000000000000000000000000000000000000000000000                                                                                                                             
75699999         000001000076000000                                                                                                                                                                                                             
