75600000         205508563000109                    0403390000000093718 Contal Processamento de Dados SICOOB                                  12711202313503800147808100000                                                                     
75600011R01  040 2005508563000109                    0403390000000093718 Contal Processamento de Dados                                                                                 000014782711202300000000                                 
7560001300001P 010403390000000093718 000053729001014     10 221              0512202300000000011500000000 02N27112023200000000000000000000100000000000000000000000000000000000000000000000000000000                         1050   090000000000 
7560001300002Q 012032076623000134COMERCIAL DE PEÇAS E SERVIÇOS SAO CRISTORUA FRANCA, 2935                        NACOES         38745014PATROCINIO     MG0000000000000000                                        000                            
7560001300003R 01000000000000000000000000000000000000000000000000200000000000000000000200           23,00                                   0,38                                                       0000000000000000 000000000000  0         
7560001300004S 013 23,00 0,38SUJEITO A PROTESTO APÓS 5 DIAS DO VENCIMENTO                                                                                                                                                                       
75600015         00000600000100000000000115000000000000000000000000000000000000000000000000000000000000000000000000                                                                                                                             
75699999         000001000008000000                                                                                                                                                                                                             
