75600000         205508563000109                    0403390000000093718 Contal Processamento de Dados SICOOB                                  12811202317274200147908100000                                                                     
75600011R01  040 2005508563000109                    0403390000000093718 Contal Processamento de Dados                                                                                 000014792811202300000000                                 
7560001300001P 010403390000000093718 000053730801014     10 221              1012202300000000002808000000 02N28112023200000000000000000000100000000000000000000000000000000000000000000000000000000                         1050   090000000000 
7560001300002Q 012022238216000122ADEPA - ASSCO DEFIC. DE PATROCINIO      RUA JOAQUIM CARDOSO NAVES, 495          MARCIANO BRANDA38740000PATROCINIO     MG0000000000000000                                        000                            
7560001300003R 01000000000000000000000000000000000000000000000000200000000000000000000200           5,62                                    0,09                                                       0000000000000000 000000000000  0         
7560001300004S 013 5,62 0,09SUJEITO A PROTESTO APÓS 5 DIAS DO VENCIMENTO                                                                                                                                                                        
7560001300005P 010403390000000093718 000053731501014     10 222              1012202300000000003933300000 02N28112023200000000000000000000100000000000000000000000000000000000000000000000000000000                         1050   090000000000 
7560001300006Q 012041498382000102ANGELA MARCIA SANTOS                    AV FARIA PEREIRA. 927                   morada do sol  38744880PATROCINIO     MG0000000000000000                                        000                            
7560001300007R 01000000000000000000000000000000000000000000000000200000000000000000000200           7,87                                    0,13                                                       0000000000000000 000000000000  0         
7560001300008S 013 7,87 0,13SUJEITO A PROTESTO APÓS 5 DIAS DO VENCIMENTO                                                                                                                                                                        
7560001300009P 010403390000000093718 000053732201014     10 223              0512202300000000009132500000 02N28112023200000000000000000000100000000000000000000000000000000000000000000000000000000                         1050   090000000000 
7560001300010Q 012022238745000126ASSOCIACAO DOS CAFEICULTORES DA REGIAO DRUA MARECHAL FLORIANO                   CENTRO         38747070PATROCINIO     MG0000000000000000                                        000                            
7560001300011R 01000000000000000000000000000000000000000000000000200000000000000000000200           18,27                                   0,30                                                       0000000000000000 000000000000  0         
7560001300012S 013 18,27 0,30SUJEITO A PROTESTO APÓS 5 DIAS DO VENCIMENTO                                                                                                                                                                       
7560001300013P 010403390000000093718 000053733001014     10 224              2512202300000000015290000000 02N28112023200000000000000000000100000000000000000000000000000000000000000000000000000000                         1050   090000000000 
7560001300014Q 012019281246000107COMERCIAL CESAR ALEXANDRE LTDA ME       AV MARCIANO PIRES, 2043                 SAO CRISTOVAO  38740000PATROCINIO     MG0000000000000000                                        000                            
7560001300015R 01000000000000000000000000000000000000000000000000200000000000000000000200           30,58                                   0,51                                                       0000000000000000 000000000000  0         
7560001300016S 013 30,58 0,51SUJEITO A PROTESTO APÓS 5 DIAS DO VENCIMENTO                                                                                                                                                                       
7560001300017P 010403390000000093718 000053734701014     10 225              2512202300000000016200000000 02N28112023200000000000000000000100000000000000000000000000000000000000000000000000000000                         1050   090000000000 
7560001300018Q 012002134701000149FAUSTO ALEXANDRE CUNHA ME               AV MARCIANO PIRES, 1914                 SAO CRISTOVAO  38740000PATROCINIO     MG0000000000000000                                        000                            
7560001300019R 01000000000000000000000000000000000000000000000000200000000000000000000200           32,40                                   0,54                                                       0000000000000000 000000000000  0         
7560001300020S 013 32,40 0,54SUJEITO A PROTESTO APÓS 5 DIAS DO VENCIMENTO                                                                                                                                                                       
7560001300021P 010403390000000093718 000053735401014     10 226              2512202300000000006484400000 02N28112023200000000000000000000100000000000000000000000000000000000000000000000000000000                         1050   090000000000 
7560001300022Q 012019809867000110JLE LOGISTICA EIRELI                    AV RAULINO COTTA PACHECO, 1589          VILA FATIMA    38400372UBERLÂNDIA     MG0000000000000000                                        000                            
7560001300023R 01000000000000000000000000000000000000000000000000200000000000000000000200           12,97                                   0,22                                                       0000000000000000 000000000000  0         
7560001300024S 013 12,97 0,22SUJEITO A PROTESTO APÓS 5 DIAS DO VENCIMENTO                                                                                                                                                                       
7560001300025P 010403390000000093718 000053736101014     10 227              0512202300000000022035800000 02N28112023200000000000000000000100000000000000000000000000000000000000000000000000000000                         1050   090000000000 
7560001300026Q 012026415100000172KLEUBER LUIZ DA SILVA                   RUA CANADA 3605                         NACOES         38740000PATROCINIO     MG0000000000000000                                        000                            
7560001300027R 01000000000000000000000000000000000000000000000000200000000000000000000200           44,07                                   0,73                                                       0000000000000000 000000000000  0         
7560001300028S 013 44,07 0,73SUJEITO A PROTESTO APÓS 5 DIAS DO VENCIMENTO                                                                                                                                                                       
7560001300029P 010403390000000093718 000053737901014     10 228              0512202300000000001850000000 02N28112023200000000000000000000100000000000000000000000000000000000000000000000000000000                         1050   090000000000 
7560001300030Q 012052851617000114LARA GABRIELA CAMPOS SAMUEL             AVENIDA RUI BARBOSA, 135 LOJA 03        CENTRO         38740036PATROCINIO     MG0000000000000000                                        000                            
7560001300031R 01000000000000000000000000000000000000000000000000200000000000000000000200           3,70                                    0,06                                                       0000000000000000 000000000000  0         
7560001300032S 013 3,70 0,06SUJEITO A PROTESTO APÓS 5 DIAS DO VENCIMENTO                                                                                                                                                                        
7560001300033P 010403390000000093718 000053738601014     10 229              0512202300000000009807000000 02N28112023200000000000000000000100000000000000000000000000000000000000000000000000000000                         1050   090000000000 
7560001300034Q 012048134239000180LEONARDO PEREIRA CUNHA                  RUA MANOEL DAMOS, 121                   SAO JUDAS TADEU38743022PATROCINIO     MG0000000000000000                                        000                            
7560001300035R 01000000000000000000000000000000000000000000000000200000000000000000000200           19,61                                   0,33                                                       0000000000000000 000000000000  0         
7560001300036S 013 19,61 0,33SUJEITO A PROTESTO APÓS 5 DIAS DO VENCIMENTO                                                                                                                                                                       
7560001300037P 010403390000000093718 000053739301014     10 2210             0512202300000000003950000000 02N28112023200000000000000000000100000000000000000000000000000000000000000000000000000000                         1050   090000000000 
7560001300038Q 012009146527000101TR AGRICOLA LTDA                        RUA PROFESSOR JOAO DE MELO, 196         SAO JUDAS TADEU38740000PATROCINIO     MG0000000000000000                                        000                            
7560001300039R 01000000000000000000000000000000000000000000000000200000000000000000000200           7,90                                    0,13                                                       0000000000000000 000000000000  0         
7560001300040S 013 7,90 0,13SUJEITO A PROTESTO APÓS 5 DIAS DO VENCIMENTO                                                                                                                                                                        
75600015         00004200001000000000000914910000000000000000000000000000000000000000000000000000000000000000000000                                                                                                                             
75699999         000001000044000000                                                                                                                                                                                                             
