75600000         205508563000109                    0403390000000093718 Contal Processamento de Dados SICOOB                                  12811202317292700148008100000                                                                     
75600011R01  040 2005508563000109                    0403390000000093718 Contal Processamento de Dados                                                                                 000014802811202300000000                                 
7560001300001P 010403390000000093718 000053740101014     10 221              0512202300000000003269000000 02N28112023200000000000000000000100000000000000000000000000000000000000000000000000000000                         1050   090000000000 
7560001300002Q 012048134239000180LEONARDO PEREIRA CUNHA                  RUA MANOEL DAMOS, 121                   SAO JUDAS TADEU38743022PATROCINIO     MG0000000000000000                                        000                            
7560001300003R 01000000000000000000000000000000000000000000000000200000000000000000000200           6,54                                    0,11                                                       0000000000000000 000000000000  0         
7560001300004S 013 6,54 0,11SUJEITO A PROTESTO APÓS 5 DIAS DO VENCIMENTO                                                                                                                                                                        
75600015         00000600000100000000000032690000000000000000000000000000000000000000000000000000000000000000000000                                                                                                                             
75699999         000001000008000000                                                                                                                                                                                                             
