75600000         205508563000109                    0403390000000093718 Contal Processamento de Dados SICOOB                                  12911202308390500148108100000                                                                     
75600011R01  040 2005508563000109                    0403390000000093718 Contal Processamento de Dados                                                                                 000014812911202300000000                                 
7560001300001P 010403390000000093718 000053741901014     10 221              0512202300000000001350000000 02N29112023200000000000000000000100000000000000000000000000000000000000000000000000000000                         1050   090000000000 
7560001300002Q 012051132166000100CLENIO DOS REIS GONZAGA BRITO           RUA JOSE HELIO SEBAIO, 296              ENEAS FERREIRA 38741138PATROCINIO     MG0000000000000000                                        000                            
7560001300003R 01000000000000000000000000000000000000000000000000200000000000000000000200           2,70                                    0,05                                                       0000000000000000 000000000000  0         
7560001300004S 013 2,70 0,05SUJEITO A PROTESTO APÓS 5 DIAS DO VENCIMENTO                                                                                                                                                                        
7560001300005P 010403390000000093718 000053742601014     10 222              0512202300000000001380000000 02N29112023200000000000000000000100000000000000000000000000000000000000000000000000000000                         1050   090000000000 
7560001300006Q 012042927058000125GERALDO APARECIDO GONZAGA JUNIOR        RUA DO FICO, 176                        SANTO ANTONIO  38740246PATROCINIO     MG0000000000000000                                        000                            
7560001300007R 01000000000000000000000000000000000000000000000000200000000000000000000200           2,76                                    0,05                                                       0000000000000000 000000000000  0         
7560001300008S 013 2,76 0,05SUJEITO A PROTESTO APÓS 5 DIAS DO VENCIMENTO                                                                                                                                                                        
75600015         00001000000200000000000027300000000000000000000000000000000000000000000000000000000000000000000000                                                                                                                             
75699999         000001000012000000                                                                                                                                                                                                             
