75600000         205508563000109                    0403390000000093718 Contal Processamento de Dados SICOOB                                  12911202308414700148208100000                                                                     
75600011R01  040 2005508563000109                    0403390000000093718 Contal Processamento de Dados                                                                                 000014822911202300000000                                 
7560001300001P 010403390000000093718 000053743301014     10 221              0512202300000000003900000000 02N29112023200000000000000000000100000000000000000000000000000000000000000000000000000000                         1050   090000000000 
7560001300002Q 012041714596000179FERNANDO FELIX FAVERO NETO              RUA PORTUGAL 2417                       NACOES         38742278PATROCINIO     MG0000000000000000                                        000                            
7560001300003R 01000000000000000000000000000000000000000000000000200000000000000000000200           7,80                                    0,13                                                       0000000000000000 000000000000  0         
7560001300004S 013 7,80 0,13SUJEITO A PROTESTO APÓS 5 DIAS DO VENCIMENTO                                                                                                                                                                        
75600015         00000600000100000000000039000000000000000000000000000000000000000000000000000000000000000000000000                                                                                                                             
75699999         000001000008000000                                                                                                                                                                                                             
