75600000         205508563000109                    0403390000000093718 Contal Processamento de Dados SICOOB                                  13011202310131500148308100000                                                                     
75600011R01  040 2005508563000109                    0403390000000093718 Contal Processamento de Dados                                                                                 000014833011202300000000                                 
7560001300001P 010403390000000093718 000053744001014     10 221              2512202300000000006520000000 02N30112023200000000000000000000100000000000000000000000000000000000000000000000000000000                         1050   090000000000 
7560001300002Q 012033532254000100LM COMERCIO DE PRODUTOS AGROPECUARIOS LTAV FARIA PEREIRA, 1148 1148             N SRA DE FATIMA38744546PATROCINIO     MG0000000000000000                                        000                            
7560001300003R 01000000000000000000000000000000000000000000000000200000000000000000000200           13,04                                   0,22                                                       0000000000000000 000000000000  0         
7560001300004S 013 13,04 0,22SUJEITO A PROTESTO APÓS 5 DIAS DO VENCIMENTO                                                                                                                                                                       
7560001300005P 010403390000000093718 000053745801014     10 222              0512202300000000006169000000 02N30112023200000000000000000000100000000000000000000000000000000000000000000000000000000                         1050   090000000000 
7560001300006Q 012005466175000102VIDA NOVA EM CRISTO                     RUA CESARIO ALVIM, 2445                 SAO BENEDITO   38740000PATROCINIO     MG0000000000000000                                        000                            
7560001300007R 01000000000000000000000000000000000000000000000000200000000000000000000200           12,34                                   0,21                                                       0000000000000000 000000000000  0         
7560001300008S 013 12,34 0,21SUJEITO A PROTESTO APÓS 5 DIAS DO VENCIMENTO                                                                                                                                                                       
75600015         00001000000200000000000126890000000000000000000000000000000000000000000000000000000000000000000000                                                                                                                             
75699999         000001000012000000                                                                                                                                                                                                             
