75600000         205508563000109                    0403390000000093718 Contal Processamento de Dados SICOOB                                  10112202309342800148408100000                                                                     
75600011R01  040 2005508563000109                    0403390000000093718 Contal Processamento de Dados                                                                                 000014840112202300000000                                 
7560001300001P 010403390000000093718 000053746501014     10 221              0412202300000000018675000000 02N01122023200000000000000000000100000000000000000000000000000000000000000000000000000000                         1050   090000000000 
7560001300002Q 012064440621000179COMERCIAL CONSTRUTORA CRIATIVA LTDA     AV RUI BARBOSA, 706 SALA 26             CENTRO         38740000PATROCINIO     MG0000000000000000                                        000                            
7560001300003R 01000000000000000000000000000000000000000000000000200000000000000000000200           37,35                                   0,62                                                       0000000000000000 000000000000  0         
7560001300004S 013 37,35 0,62SUJEITO A PROTESTO APÓS 5 DIAS DO VENCIMENTO                                                                                                                                                                       
7560001300005P 010403390000000093718 000053747201014     10 222              0412202300000000018675000000 02N01122023200000000000000000000100000000000000000000000000000000000000000000000000000000                         1050   090000000000 
7560001300006Q 012017674326000105CRIAR INCORP E EDIFICIOS LTDA           RUA MARANHAO,                           CONEGO GETULIO 38700000PATOS DE MINAS MG0000000000000000                                        000                            
7560001300007R 01000000000000000000000000000000000000000000000000200000000000000000000200           37,35                                   0,62                                                       0000000000000000 000000000000  0         
7560001300008S 013 37,35 0,62SUJEITO A PROTESTO APÓS 5 DIAS DO VENCIMENTO                                                                                                                                                                       
75600015         00001000000200000000000373500000000000000000000000000000000000000000000000000000000000000000000000                                                                                                                             
75699999         000001000012000000                                                                                                                                                                                                             
