75600000         205508563000109                    0403390000000093718 Contal Processamento de Dados SICOOB                                  11112202314263200148608100000                                                                     
75600011R01  040 2005508563000109                    0403390000000093718 Contal Processamento de Dados                                                                                 000014861112202300000000                                 
7560001300001P 010403390000000093718 000053749701014     10 221              1512202300000000004100000000 02N11122023200000000000000000000100000000000000000000000000000000000000000000000000000000                         1050   090000000000 
7560001300002Q 012052091116000187JOAO GODOY REPRESENTACOES LTDA          RUA PADRE EUSTAQUIO, 276                CIDADE JARDIM  38740100PATROCINIO     MG0000000000000000                                        000                            
7560001300003R 01000000000000000000000000000000000000000000000000200000000000000000000200           8,20                                    0,14                                                       0000000000000000 000000000000  0         
7560001300004S 013 8,20 0,14SUJEITO A PROTESTO APÓS 5 DIAS DO VENCIMENTO                                                                                                                                                                        
75600015         00000600000100000000000041000000000000000000000000000000000000000000000000000000000000000000000000                                                                                                                             
75699999         000001000008000000                                                                                                                                                                                                             
