75600000         205508563000109                    0403390000000093718 Contal Processamento de Dados SICOOB                                  11312202317291000148708100000                                                                     
75600011R01  040 2005508563000109                    0403390000000093718 Contal Processamento de Dados                                                                                 000014871312202300000000                                 
7560001300001P 010403390000000093718 000053750501014     10 221              1812202300000000001250000000 02N13122023200000000000000000000100000000000000000000000000000000000000000000000000000000                         1050   090000000000 
7560001300002Q 011000092798500672ILZA SILVA NUNES                        AV FARIA PERIERA, 2950                  SAO CRISTOVAO  38742218PATROCINIO     MG0000000000000000                                        000                            
7560001300003R 01000000000000000000000000000000000000000000000000200000000000000000000200           2,50                                    0,04                                                       0000000000000000 000000000000  0         
7560001300004S 013 2,50 0,04SUJEITO A PROTESTO APÓS 5 DIAS DO VENCIMENTO                                                                                                                                                                        
75600015         00000600000100000000000012500000000000000000000000000000000000000000000000000000000000000000000000                                                                                                                             
75699999         000001000008000000                                                                                                                                                                                                             
