75600000         205508563000109                    0403390000000093718 Contal Processamento de Dados SICOOB                                  12212202310091600148808100000                                                                     
75600011R01  040 2005508563000109                    0403390000000093718 Contal Processamento de Dados                                                                                 000014882212202300000000                                 
7560001300001P 010403390000000093718 000053751201014     10 221              1001202400000000002179000000 02N22122023200000000000000000000100000000000000000000000000000000000000000000000000000000                         1050   090000000000 
7560001300002Q 011000005102334654TIAGO BRASILEIRO COELHO E OUTRA         ALAMEDA DOS PASSAROS S/N                OURO PRETO     38747310PATROCINIO     MG0000000000000000                                        000                            
7560001300003R 01000000000000000000000000000000000000000000000000200000000000000000000200           4,36                                    0,07                                                       0000000000000000 000000000000  0         
7560001300004S 013 4,36 0,07SUJEITO A PROTESTO APÓS 5 DIAS DO VENCIMENTO                                                                                                                                                                        
75600015         00000600000100000000000021790000000000000000000000000000000000000000000000000000000000000000000000                                                                                                                             
75699999         000001000008000000                                                                                                                                                                                                             
