75600000         205508563000109                    0403390000000093718 Contal Processamento de Dados SICOOB                                  12712202309070600149008100000                                                                     
75600011R01  040 2005508563000109                    0403390000000093718 Contal Processamento de Dados                                                                                 000014902712202300000000                                 
7560001300001P 010403390000000093718 000054078701014     10 221              2501202400000000007645000000 02N27122023200000000000000000000100000000000000000000000000000000000000000000000000000000                         1050   090000000000 
7560001300002Q 012019281246000107COMERCIAL CESAR ALEXANDRE LTDA ME       AV MARCIANO PIRES, 2043                 SAO CRISTOVAO  38740000PATROCINIO     MG0000000000000000                                        000                            
7560001300003R 01000000000000000000000000000000000000000000000000200000000000000000000200           15,29                                   0,25                                                       0000000000000000 000000000000  0         
7560001300004S 013 15,29 0,25SUJEITO A PROTESTO APÓS 5 DIAS DO VENCIMENTO                                                                                                                                                                       
7560001300005P 010403390000000093718 000054079401014     10 222              2501202400000000037350000000 02N27122023200000000000000000000100000000000000000000000000000000000000000000000000000000                         1050   090000000000 
7560001300006Q 012064440621000179COMERCIAL CONSTRUTORA CRIATIVA LTDA     AV RUI BARBOSA, 706 SALA 26             CENTRO         38740000PATROCINIO     MG0000000000000000                                        000                            
7560001300007R 01000000000000000000000000000000000000000000000000200000000000000000000200           74,70                                   1,25                                                       0000000000000000 000000000000  0         
7560001300008S 013 74,70 1,25SUJEITO A PROTESTO APÓS 5 DIAS DO VENCIMENTO                                                                                                                                                                       
7560001300009P 010403390000000093718 000054080201014     10 223              2501202400000000037350000000 02N27122023200000000000000000000100000000000000000000000000000000000000000000000000000000                         1050   090000000000 
7560001300010Q 012017674326000105CRIAR INCORP E EDIFICIOS LTDA           RUA MARANHAO,                           CONEGO GETULIO 38700000PATOS DE MINAS MG0000000000000000                                        000                            
7560001300011R 01000000000000000000000000000000000000000000000000200000000000000000000200           74,70                                   1,25                                                       0000000000000000 000000000000  0         
7560001300012S 013 74,70 1,25SUJEITO A PROTESTO APÓS 5 DIAS DO VENCIMENTO                                                                                                                                                                       
7560001300013P 010403390000000093718 000054081001014     10 224              2501202400000000008100000000 02N27122023200000000000000000000100000000000000000000000000000000000000000000000000000000                         1050   090000000000 
7560001300014Q 012002134701000149FAUSTO ALEXANDRE CUNHA ME               AV MARCIANO PIRES, 1914                 SAO CRISTOVAO  38740000PATROCINIO     MG0000000000000000                                        000                            
7560001300015R 01000000000000000000000000000000000000000000000000200000000000000000000200           16,20                                   0,27                                                       0000000000000000 000000000000  0         
7560001300016S 013 16,20 0,27SUJEITO A PROTESTO APÓS 5 DIAS DO VENCIMENTO                                                                                                                                                                       
7560001300017P 010403390000000093718 000054082701014     10 225              2501202400000000006484400000 02N27122023200000000000000000000100000000000000000000000000000000000000000000000000000000                         1050   090000000000 
7560001300018Q 012019809867000110JLE LOGISTICA EIRELI                    AV RAULINO COTTA PACHECO, 1589          VILA FATIMA    38400372UBERLÂNDIA     MG0000000000000000                                        000                            
7560001300019R 01000000000000000000000000000000000000000000000000200000000000000000000200           12,97                                   0,22                                                       0000000000000000 000000000000  0         
7560001300020S 013 12,97 0,22SUJEITO A PROTESTO APÓS 5 DIAS DO VENCIMENTO                                                                                                                                                                       
7560001300021P 010403390000000093718 000054083401014     10 226              0501202400000000001960000000 02N27122023200000000000000000000100000000000000000000000000000000000000000000000000000000                         1050   090000000000 
7560001300022Q 011000000704306670MARCIO MILANO                           FAZNDA CHAPADAO DE FERRO                ZONA RURAL     38740000PATROCINIO     MG0000000000000000                                        000                            
7560001300023R 01000000000000000000000000000000000000000000000000200000000000000000000200           3,92                                    0,07                                                       0000000000000000 000000000000  0         
7560001300024S 013 3,92 0,07SUJEITO A PROTESTO APÓS 5 DIAS DO VENCIMENTO                                                                                                                                                                        
7560001300025P 010403390000000093718 000054084101014     10 227              2501202400000000003990000000 02N27122023200000000000000000000100000000000000000000000000000000000000000000000000000000                         1050   090000000000 
7560001300026Q 012022739472000101RICARDO NASCIMENTO FERNANDES  VIEIRA ME RUA BEM ME QUER                         CONDOMINIO POR 38740000PATROCINIO     MG0000000000000000                                        000                            
7560001300027R 01000000000000000000000000000000000000000000000000200000000000000000000200           7,98                                    0,13                                                       0000000000000000 000000000000  0         
7560001300028S 013 7,98 0,13SUJEITO A PROTESTO APÓS 5 DIAS DO VENCIMENTO                                                                                                                                                                        
75600015         00003000000700000000001028794000000000000000000000000000000000000000000000000000000000000000000000                                                                                                                             
75699999         000001000032000000                                                                                                                                                                                                             
