75600000         205508563000109                    0403390000000093718 Contal Processamento de Dados SICOOB                                  12712202309091700149108100000                                                                     
75600011R01  040 2005508563000109                    0403390000000093718 Contal Processamento de Dados                                                                                 000014912712202300000000                                 
7560001300001P 010403390000000093718 000054085901014     10 221              1001202400000000003789300000 02N27122023200000000000000000000100000000000000000000000000000000000000000000000000000000                         1050   090000000000 
7560001300002Q 012041498382000102ANGELA MARCIA SANTOS                    AV FARIA PEREIRA. 927                   morada do sol  38744880PATROCINIO     MG0000000000000000                                        000                            
7560001300003R 01000000000000000000000000000000000000000000000000200000000000000000000200           7,58                                    0,13                                                       0000000000000000 000000000000  0         
7560001300004S 013 7,58 0,13SUJEITO A PROTESTO APÓS 5 DIAS DO VENCIMENTO                                                                                                                                                                        
75600015         00000600000100000000000037893000000000000000000000000000000000000000000000000000000000000000000000                                                                                                                             
75699999         000001000008000000                                                                                                                                                                                                             
