75600000         205508563000109                    0403390000000093718 Contal Processamento de Dados SICOOB                                  12712202313355700149208100000                                                                     
75600011R01  040 2005508563000109                    0403390000000093718 Contal Processamento de Dados                                                                                 000014922712202300000000                                 
7560001300001P 010403390000000093718 000054086601014     10 221              0501202400000000001514100000 02N27122023200000000000000000000100000000000000000000000000000000000000000000000000000000                         1050   090000000000 
7560001300002Q 012051993094000188EDER PAULO ALVES VEIRA                  ALAMEDA DOS INGAS, 212                  DONA DIVA      38748516PATROCINIO     MG0000000000000000                                        000                            
7560001300003R 01000000000000000000000000000000000000000000000000200000000000000000000200           3,03                                    0,05                                                       0000000000000000 000000000000  0         
7560001300004S 013 3,03 0,05SUJEITO A PROTESTO APÓS 5 DIAS DO VENCIMENTO                                                                                                                                                                        
7560001300005P 010403390000000093718 000054087301014     10 222              2201202400000000005439000000 02N27122023200000000000000000000100000000000000000000000000000000000000000000000000000000                         1050   090000000000 
7560001300006Q 012029331896000173RJS CONSULTORIA VETERINARIA EIRELLI ME  RUA BENEDITO JOSE ESTEVES               MARCIANO BRANDA38740000PATROCINIO     MG0000000000000000                                        000                            
7560001300007R 01000000000000000000000000000000000000000000000000200000000000000000000200           10,88                                   0,18                                                       0000000000000000 000000000000  0         
7560001300008S 013 10,88 0,18SUJEITO A PROTESTO APÓS 5 DIAS DO VENCIMENTO                                                                                                                                                                       
75600015         00001000000200000000000069531000000000000000000000000000000000000000000000000000000000000000000000                                                                                                                             
75699999         000001000012000000                                                                                                                                                                                                             
