75600000         205508563000109                    0403390000000093718 Contal Processamento de Dados SICOOB                                  10201202409532900149308100000                                                                     
75600011R01  040 2005508563000109                    0403390000000093718 Contal Processamento de Dados                                                                                 000014930201202400000000                                 
7560001300001P 010403390000000093718 000054088001014     10 221              0501202400000000004871500000 02N02012024200000000000000000000100000000000000000000000000000000000000000000000000000000                         1050   090000000000 
7560001300002Q 012030620951000124BRASIL VISTORIA VEICULAR EIRELI         RUA PRESIDENTE VARGAS,  2754            SAO JUDAS      38740000PATROCINIO     MG0000000000000000                                        000                            
7560001300003R 01000000000000000000000000000000000000000000000000200000000000000000000200           9,74                                    0,16                                                       0000000000000000 000000000000  0         
7560001300004S 013 9,74 0,16SUJEITO A PROTESTO APÓS 5 DIAS DO VENCIMENTO                                                                                                                                                                        
75600015         00000600000100000000000048715000000000000000000000000000000000000000000000000000000000000000000000                                                                                                                             
75699999         000001000008000000                                                                                                                                                                                                             
