75600000         205508563000109                    0403390000000093718 Contal Processamento de Dados SICOOB                                  10201202410454600149408100000                                                                     
75600011R01  040 2005508563000109                    0403390000000093718 Contal Processamento de Dados                                                                                 000014940201202400000000                                 
7560001300001P 010403390000000093718 000054089801014     10 221              1001202400000000005343000000 02N02012024200000000000000000000100000000000000000000000000000000000000000000000000000000                         1050   090000000000 
7560001300002Q 012048541990000100ACQUA PISCINAS LTDA                     AV DOM JOSE ANDRE COIMBRA, 1637         MARCIANO BRANDA38740458PATROCINIO     MG0000000000000000                                        000                            
7560001300003R 01000000000000000000000000000000000000000000000000200000000000000000000200           10,69                                   0,18                                                       0000000000000000 000000000000  0         
7560001300004S 013 10,69 0,18SUJEITO A PROTESTO APÓS 5 DIAS DO VENCIMENTO                                                                                                                                                                       
7560001300005P 010403390000000093718 000054090601014     10 222              1001202400000000001236800000 02N02012024200000000000000000000100000000000000000000000000000000000000000000000000000000                         1050   090000000000 
7560001300006Q 011000003181313661ALEXANDER SOUZA GRAMA                   AV RUI BARBOSA, 825 APTO 1102           SAO FRANCISCO  38742016PATROCINIO     MG0000000000000000                                        000                            
7560001300007R 01000000000000000000000000000000000000000000000000200000000000000000000200           2,47                                    0,04                                                       0000000000000000 000000000000  0         
7560001300008S 013 2,47 0,04SUJEITO A PROTESTO APÓS 5 DIAS DO VENCIMENTO                                                                                                                                                                        
7560001300009P 010403390000000093718 000054091301014     10 223              1001202400000000005060000000 02N02012024200000000000000000000100000000000000000000000000000000000000000000000000000000                         1050   090000000000 
7560001300010Q 012030444466000147ANALISA SISTEMAS DE IRRIGACAO EIRELLI   AV PADRE MATIAS                         MARCIANO BRANDA38740438PATROCINIO     MG0000000000000000                                        000                            
7560001300011R 01000000000000000000000000000000000000000000000000200000000000000000000200           10,12                                   0,17                                                       0000000000000000 000000000000  0         
7560001300012S 013 10,12 0,17SUJEITO A PROTESTO APÓS 5 DIAS DO VENCIMENTO                                                                                                                                                                       
7560001300013P 010403390000000093718 000054092001014     10 224              2501202400000000018675000000 02N02012024200000000000000000000100000000000000000000000000000000000000000000000000000000                         1050   090000000000 
7560001300014Q 012064440621000179COMERCIAL CONSTRUTORA CRIATIVA LTDA     AV RUI BARBOSA, 706 SALA 26             CENTRO         38740000PATROCINIO     MG0000000000000000                                        000                            
7560001300015R 01000000000000000000000000000000000000000000000000200000000000000000000200           37,35                                   0,62                                                       0000000000000000 000000000000  0         
7560001300016S 013 37,35 0,62SUJEITO A PROTESTO APÓS 5 DIAS DO VENCIMENTO                                                                                                                                                                       
7560001300017P 010403390000000093718 000054093801014     10 225              2501202400000000018675000000 02N02012024200000000000000000000100000000000000000000000000000000000000000000000000000000                         1050   090000000000 
7560001300018Q 012017674326000105CRIAR INCORP E EDIFICIOS LTDA           RUA MARANHAO,                           CONEGO GETULIO 38700000PATOS DE MINAS MG0000000000000000                                        000                            
7560001300019R 01000000000000000000000000000000000000000000000000200000000000000000000200           37,35                                   0,62                                                       0000000000000000 000000000000  0         
7560001300020S 013 37,35 0,62SUJEITO A PROTESTO APÓS 5 DIAS DO VENCIMENTO                                                                                                                                                                       
7560001300021P 010403390000000093718 000054094501014     10 226              2001202400000000004695000000 02N02012024200000000000000000000100000000000000000000000000000000000000000000000000000000                         1050   090000000000 
7560001300022Q 012010310904000177F E A CONSTRUTORA E ENGENHARIA LTDA     RUA CESARIO ALVIM, 1489                 CENTRO         38740001PATROCINIO     MG0000000000000000                                        000                            
7560001300023R 01000000000000000000000000000000000000000000000000200000000000000000000200           9,39                                    0,16                                                       0000000000000000 000000000000  0         
7560001300024S 013 9,39 0,16SUJEITO A PROTESTO APÓS 5 DIAS DO VENCIMENTO                                                                                                                                                                        
7560001300025P 010403390000000093718 000054095201014     10 227              1001202400000000003460000000 02N02012024200000000000000000000100000000000000000000000000000000000000000000000000000000                         1050   090000000000 
7560001300026Q 012048223025000180UBIRACI NONATO DOS SANTOS               ROD BR 365 POSTO 513 - CH FAZ           AREA RURAL     38500000MONTE CARMELO  MG0000000000000000                                        000                            
7560001300027R 01000000000000000000000000000000000000000000000000200000000000000000000200           6,92                                    0,12                                                       0000000000000000 000000000000  0         
7560001300028S 013 6,92 0,12SUJEITO A PROTESTO APÓS 5 DIAS DO VENCIMENTO                                                                                                                                                                        
75600015         00003000000700000000000571448000000000000000000000000000000000000000000000000000000000000000000000                                                                                                                             
75699999         000001000032000000                                                                                                                                                                                                             
