75600000         205508563000109                    0403390000000093718 Contal Processamento de Dados SICOOB                                  10301202408311800149508100000                                                                     
75600011R01  040 2005508563000109                    0403390000000093718 Contal Processamento de Dados                                                                                 000014950301202400000000                                 
7560001300001P 010403390000000093718 000054096001014     10 221              0501202400000000003542000000 02N03012024200000000000000000000100000000000000000000000000000000000000000000000000000000                         1050   090000000000 
7560001300002Q 012022662963000193WV UTILIDADES E PRESENTES LTDA ME       RUA ELMIRO ALVES DO NASCIMENTO          CENTRO         38740000PATROCINIO     MG0000000000000000                                        000                            
7560001300003R 01000000000000000000000000000000000000000000000000200000000000000000000200           7,08                                    0,12                                                       0000000000000000 000000000000  0         
7560001300004S 013 7,08 0,12SUJEITO A PROTESTO APÓS 5 DIAS DO VENCIMENTO                                                                                                                                                                        
75600015         00000600000100000000000035420000000000000000000000000000000000000000000000000000000000000000000000                                                                                                                             
75699999         000001000008000000                                                                                                                                                                                                             
