75600000         205508563000109                    0403390000000093718 Contal Processamento de Dados SICOOB                                  10301202416413500149608100000                                                                     
75600011R01  040 2005508563000109                    0403390000000093718 Contal Processamento de Dados                                                                                 000014960301202400000000                                 
7560001300001P 010403390000000093718 000054097701014     10 221              0801202400000000001198000000 02N03012024200000000000000000000100000000000000000000000000000000000000000000000000000000                         1050   090000000000 
7560001300002Q 011000005182569602CLAUDIA XAVIER GRACANO CUNHA            RUA CASSIMIRO SANTOS, 767 APTO 01       CENTRO         38740000PATROCINIO     MG0000000000000000                                        000                            
7560001300003R 01000000000000000000000000000000000000000000000000200000000000000000000200           2,40                                    0,04                                                       0000000000000000 000000000000  0         
7560001300004S 013 2,40 0,04SUJEITO A PROTESTO APÓS 5 DIAS DO VENCIMENTO                                                                                                                                                                        
7560001300005P 010403390000000093718 000054098401014     10 222              0801202400000000001987000000 02N03012024200000000000000000000100000000000000000000000000000000000000000000000000000000                         1050   090000000000 
7560001300006Q 012011524081000145PAULO FERNANDO DA COSTA                 RUA CORONEL JOAO CANDIDO DE AGUIAR, 281 CENTRO         38740000PATROCINIO     MG0000000000000000                                        000                            
7560001300007R 01000000000000000000000000000000000000000000000000200000000000000000000200           3,97                                    0,07                                                       0000000000000000 000000000000  0         
7560001300008S 013 3,97 0,07SUJEITO A PROTESTO APÓS 5 DIAS DO VENCIMENTO                                                                                                                                                                        
75600015         00001000000200000000000031850000000000000000000000000000000000000000000000000000000000000000000000                                                                                                                             
75699999         000001000012000000                                                                                                                                                                                                             
