75600000         205508563000109                    0403390000000093718 Contal Processamento de Dados SICOOB                                  10401202411061700149708100000                                                                     
75600011R01  040 2005508563000109                    0403390000000093718 Contal Processamento de Dados                                                                                 000014970401202400000000                                 
7560001300001P 010403390000000093718 000054099101014     10 221              1001202400000000001800000000 02N04012024200000000000000000000100000000000000000000000000000000000000000000000000000000                         1050   090000000000 
7560001300002Q 011000058750630687BALTAZAR FERREIRA ROSA                  RUA JESUS DELFINO GOMES S/N             MORADA DO SOL  38744874PATROCINIO     MG0000000000000000                                        000                            
7560001300003R 01000000000000000000000000000000000000000000000000200000000000000000000200           3,60                                    0,06                                                       0000000000000000 000000000000  0         
7560001300004S 013 3,60 0,06SUJEITO A PROTESTO APÓS 5 DIAS DO VENCIMENTO                                                                                                                                                                        
7560001300005P 010403390000000093718 000054100501014     10 222              1001202400000000002545000000 02N04012024200000000000000000000100000000000000000000000000000000000000000000000000000000                         1050   090000000000 
7560001300006Q 012048179606000162COMERCIAL MUNDO DOS PASSAROS LTDA       RUA PINTO DIAS, 561                     SAO FRANCISCO  38742028PATROCINIO     MG0000000000000000                                        000                            
7560001300007R 01000000000000000000000000000000000000000000000000200000000000000000000200           5,09                                    0,08                                                       0000000000000000 000000000000  0         
7560001300008S 013 5,09 0,08SUJEITO A PROTESTO APÓS 5 DIAS DO VENCIMENTO                                                                                                                                                                        
75600015         00001000000200000000000043450000000000000000000000000000000000000000000000000000000000000000000000                                                                                                                             
75699999         000001000012000000                                                                                                                                                                                                             
