75600000         205508563000109                    0403390000000093718 Contal Processamento de Dados SICOOB                                  10401202415575100149808100000                                                                     
75600011R01  040 2005508563000109                    0403390000000093718 Contal Processamento de Dados                                                                                 000014980401202400000000                                 
7560001300001P 010403390000000093718 000054101201014     10 221              1001202400000000007122000000 02N04012024200000000000000000000100000000000000000000000000000000000000000000000000000000                         1050   090000000000 
7560001300002Q 012035839156000145CT ODONTOLOGIA LTDA                     AV. RUI BARBOSA, 804                    CENTRO         38740012PATROCINIO     MG0000000000000000                                        000                            
7560001300003R 01000000000000000000000000000000000000000000000000200000000000000000000200           14,24                                   0,24                                                       0000000000000000 000000000000  0         
7560001300004S 013 14,24 0,24SUJEITO A PROTESTO APÓS 5 DIAS DO VENCIMENTO                                                                                                                                                                       
75600015         00000600000100000000000071220000000000000000000000000000000000000000000000000000000000000000000000                                                                                                                             
75699999         000001000008000000                                                                                                                                                                                                             
