75600000         205508563000109                    0403390000000093718 Contal Processamento de Dados SICOOB                                  11701202409152300150008100000                                                                     
75600011R01  040 2005508563000109                    0403390000000093718 Contal Processamento de Dados                                                                                 000015001701202400000000                                 
7560001300001P 010403390000000093718 000054103701014     10 221              2001202400000000018265000000 02N17012024200000000000000000000100000000000000000000000000000000000000000000000000000000                         1050   090000000000 
7560001300002Q 012022238745000126ASSOCIACAO DOS CAFEICULTORES DA REGIAO DRUA MARECHAL FLORIANO                   CENTRO         38747070PATROCINIO     MG0000000000000000                                        000                            
7560001300003R 01000000000000000000000000000000000000000000000000200000000000000000000200           36,53                                   0,61                                                       0000000000000000 000000000000  0         
7560001300004S 013 36,53 0,61SUJEITO A PROTESTO APÓS 5 DIAS DO VENCIMENTO                                                                                                                                                                       
75600015         00000600000100000000000182650000000000000000000000000000000000000000000000000000000000000000000000                                                                                                                             
75699999         000001000008000000                                                                                                                                                                                                             
