75600000         205508563000109                    0403390000000093718 Contal Processamento de Dados SICOOB                                  11901202410280900150208100000                                                                     
75600011R01  040 2005508563000109                    0403390000000093718 Contal Processamento de Dados                                                                                 000015021901202400000000                                 
7560001300001P 010403390000000093718 000054105101014     10 221              2501202400000000000833300000 02N19012024200000000000000000000100000000000000000000000000000000000000000000000000000000                         1050   090000000000 
7560001300002Q 012052272296000101HALISSON P. DUARTE LTDA                 RUA PAINEIRA, 94                        MORADA DO SOL  38415168UBERLANDIA     MG0000000000000000                                        000                            
7560001300003R 01000000000000000000000000000000000000000000000000200000000000000000000200           1,67                                    0,03                                                       0000000000000000 000000000000  0         
7560001300004S 013 1,67 0,03SUJEITO A PROTESTO APÓS 5 DIAS DO VENCIMENTO                                                                                                                                                                        
75600015         00000600000100000000000008333000000000000000000000000000000000000000000000000000000000000000000000                                                                                                                             
75699999         000001000008000000                                                                                                                                                                                                             
