75600000         205508563000109                    0403390000000093718 Contal Processamento de Dados SICOOB                                  11901202414540600150308100000                                                                     
75600011R01  040 2005508563000109                    0403390000000093718 Contal Processamento de Dados                                                                                 000015031901202400000000                                 
7560001300001P 010403390000000093718 000054106901014     10 221              2501202400000000025000000000 02N19012024200000000000000000000100000000000000000000000000000000000000000000000000000000                         1050   090000000000 
7560001300002Q 012023890470000173PLENO CAFE COMERCIO INDUSTRIA E EXPORTACAV PORTO ALEGRE 1225                    MILENIUM       38446218ARAGUARI       MG0000000000000000                                        000                            
7560001300003R 01000000000000000000000000000000000000000000000000200000000000000000000200           50,00                                   0,83                                                       0000000000000000 000000000000  0         
7560001300004S 013 50,00 0,83SUJEITO A PROTESTO APÓS 5 DIAS DO VENCIMENTO                                                                                                                                                                       
75600015         00000600000100000000000250000000000000000000000000000000000000000000000000000000000000000000000000                                                                                                                             
75699999         000001000008000000                                                                                                                                                                                                             
