75600000         205508563000109                    0403390000000093718 Contal Processamento de Dados SICOOB                                  12301202414545600150408100000                                                                     
75600011R01  040 2005508563000109                    0403390000000093718 Contal Processamento de Dados                                                                                 000015042301202400000000                                 
7560001300001P 010403390000000093718 000054107601014     10 221              2601202400000000014680000000 02N23012024200000000000000000000100000000000000000000000000000000000000000000000000000000                         1050   090000000000 
7560001300002Q 012008732556000184ASSOC DEFENSORA DOS ANIMAIS DE PATROCINIAV FARIA PERIERA  384                   CONSTANTINO    38740000PATROCINIO     MG0000000000000000                                        000                            
7560001300003R 01000000000000000000000000000000000000000000000000200000000000000000000200           29,36                                   0,49                                                       0000000000000000 000000000000  0         
7560001300004S 013 29,36 0,49SUJEITO A PROTESTO APÓS 5 DIAS DO VENCIMENTO                                                                                                                                                                       
75600015         00000600000100000000000146800000000000000000000000000000000000000000000000000000000000000000000000                                                                                                                             
75699999         000001000008000000                                                                                                                                                                                                             
