75600000         205508563000109                    0403390000000093718 Contal Processamento de Dados SICOOB                                  13001202417172400150708100000                                                                     
75600011R01  040 2005508563000109                    0403390000000093718 Contal Processamento de Dados                                                                                 000015073001202400000000                                 
7560001300001P 010403390000000093718 000054434001014     10 221              1002202400000000002559800000 02N30012024200000000000000000000100000000000000000000000000000000000000000000000000000000                         1050   090000000000 
7560001300002Q 011000003181313661ALEXANDER SOUZA GRAMA                   AV RUI BARBOSA, 825 APTO 1102           SAO FRANCISCO  38742016PATROCINIO     MG0000000000000000                                        000                            
7560001300003R 01000000000000000000000000000000000000000000000000200000000000000000000200           5,12                                    0,09                                                       0000000000000000 000000000000  0         
7560001300004S 013 5,12 0,09SUJEITO A PROTESTO APÓS 5 DIAS DO VENCIMENTO                                                                                                                                                                        
7560001300005P 010403390000000093718 000054435801014     10 222              1002202400000000018610000000 02N30012024200000000000000000000100000000000000000000000000000000000000000000000000000000                         1050   090000000000 
7560001300006Q 012008732556000184ASSOC DEFENSORA DOS ANIMAIS DE PATROCINIAV FARIA PERIERA  384                   CONSTANTINO    38740000PATROCINIO     MG0000000000000000                                        000                            
7560001300007R 01000000000000000000000000000000000000000000000000200000000000000000000200           37,22                                   0,62                                                       0000000000000000 000000000000  0         
7560001300008S 013 37,22 0,62SUJEITO A PROTESTO APÓS 5 DIAS DO VENCIMENTO                                                                                                                                                                       
7560001300009P 010403390000000093718 000054436501014     10 223              2002202400000000009718000000 02N30012024200000000000000000000100000000000000000000000000000000000000000000000000000000                         1050   090000000000 
7560001300010Q 012010310904000177F E A CONSTRUTORA E ENGENHARIA LTDA     RUA CESARIO ALVIM, 1489                 CENTRO         38740001PATROCINIO     MG0000000000000000                                        000                            
7560001300011R 01000000000000000000000000000000000000000000000000200000000000000000000200           19,44                                   0,32                                                       0000000000000000 000000000000  0         
7560001300012S 013 19,44 0,32SUJEITO A PROTESTO APÓS 5 DIAS DO VENCIMENTO                                                                                                                                                                       
7560001300013P 010403390000000093718 000054437201014     10 224              1502202400000000001205000000 02N30012024200000000000000000000100000000000000000000000000000000000000000000000000000000                         1050   090000000000 
7560001300014Q 012015756583000152KAREN ELIZABETH DOS REIS OLIVEIRA       RUA MAJOR TOBIAS MACHADO, 164           SAO LUCAS      38740000PATROCINIO     MG0000000000000000                                        000                            
7560001300015R 01000000000000000000000000000000000000000000000000200000000000000000000200           2,41                                    0,04                                                       0000000000000000 000000000000  0         
7560001300016S 013 2,41 0,04SUJEITO A PROTESTO APÓS 5 DIAS DO VENCIMENTO                                                                                                                                                                        
75600015         00001800000400000000000320928000000000000000000000000000000000000000000000000000000000000000000000                                                                                                                             
75699999         000001000020000000                                                                                                                                                                                                             
