75600000         205508563000109                    0403390000000093718 Contal Processamento de Dados SICOOB                                  13101202414500200150808100000                                                                     
75600011R01  040 2005508563000109                    0403390000000093718 Contal Processamento de Dados                                                                                 000015083101202400000000                                 
7560001300001P 010403390000000093718 000054438001014     10 221              0502202400000000004176000000 02N31012024200000000000000000000100000000000000000000000000000000000000000000000000000000                         1050   090000000000 
7560001300002Q 012043189662000164VITOR OLIVEIRA PEREIRA                  RUA PROFESSOR HUGO MACHADO DA SILVEIRA, CENTRO         38740000PATROCINIO     MG0000000000000000                                        000                            
7560001300003R 01000000000000000000000000000000000000000000000000200000000000000000000200           8,35                                    0,14                                                       0000000000000000 000000000000  0         
7560001300004S 013 8,35 0,14SUJEITO A PROTESTO APÓS 5 DIAS DO VENCIMENTO                                                                                                                                                                        
75600015         00000600000100000000000041760000000000000000000000000000000000000000000000000000000000000000000000                                                                                                                             
75699999         000001000008000000                                                                                                                                                                                                             
