75600000         205508563000109                    0403390000000093718 Contal Processamento de Dados SICOOB                                  10502202413184800151108100000                                                                     
75600011R01  040 2005508563000109                    0403390000000093718 Contal Processamento de Dados                                                                                 000015110502202400000000                                 
7560001300001P 010403390000000093718 000054441201014     10 221              2002202400000000002130000000 02N05022024200000000000000000000100000000000000000000000000000000000000000000000000000000                         1050   090000000000 
7560001300002Q 012011524081000145PAULO FERNANDO DA COSTA                 RUA CORONEL JOAO CANDIDO DE AGUIAR, 281 CENTRO         38740000PATROCINIO     MG0000000000000000                                        000                            
7560001300003R 01000000000000000000000000000000000000000000000000200000000000000000000200           4,26                                    0,07                                                       0000000000000000 000000000000  0         
7560001300004S 013 4,26 0,07SUJEITO A PROTESTO APÓS 5 DIAS DO VENCIMENTO                                                                                                                                                                        
75600015         00000600000100000000000021300000000000000000000000000000000000000000000000000000000000000000000000                                                                                                                             
75699999         000001000008000000                                                                                                                                                                                                             
