75600000         205508563000109                    0403390000000093718 Contal Processamento de Dados SICOOB                                  10602202410423400151208100000                                                                     
75600011R01  040 2005508563000109                    0403390000000093718 Contal Processamento de Dados                                                                                 000015120602202400000000                                 
7560001300001P 010403390000000093718 000054442001014     10 221              2002202400000000011210000000 02N06022024200000000000000000000100000000000000000000000000000000000000000000000000000000                         1050   090000000000 
7560001300002Q 012044049587000107CHICO GUINCHOS LTDA                     RUA JOAO CARLOS DA SILVA, 90            CIDADE JARDIM  38747080PATROCINIO     MG0000000000000000                                        000                            
7560001300003R 01000000000000000000000000000000000000000000000000200000000000000000000200           22,42                                   0,37                                                       0000000000000000 000000000000  0         
7560001300004S 013 22,42 0,37SUJEITO A PROTESTO APÓS 5 DIAS DO VENCIMENTO                                                                                                                                                                       
75600015         00000600000100000000000112100000000000000000000000000000000000000000000000000000000000000000000000                                                                                                                             
75699999         000001000008000000                                                                                                                                                                                                             
