75600000         205508563000109                    0403390000000093718 Contal Processamento de Dados SICOOB                                  10702202408145000151408100000                                                                     
75600011R01  040 2005508563000109                    0403390000000093718 Contal Processamento de Dados                                                                                 000015140702202400000000                                 
7560001300001P 010403390000000093718 000054444401014     10 221              0902202400000000002090000000 02N07022024200000000000000000000100000000000000000000000000000000000000000000000000000000                         1050   090000000000 
7560001300002Q 011000000704306670MARCIO MILANO                           FAZNDA CHAPADAO DE FERRO                ZONA RURAL     38740000PATROCINIO     MG0000000000000000                                        000                            
7560001300003R 01000000000000000000000000000000000000000000000000200000000000000000000200           4,18                                    0,07                                                       0000000000000000 000000000000  0         
7560001300004S 013 4,18 0,07SUJEITO A PROTESTO APÓS 5 DIAS DO VENCIMENTO                                                                                                                                                                        
75600015         00000600000100000000000020900000000000000000000000000000000000000000000000000000000000000000000000                                                                                                                             
75699999         000001000008000000                                                                                                                                                                                                             
