75600000         205508563000109                    0403390000000093718 Contal Processamento de Dados SICOOB                                  10702202416173300151508100000                                                                     
75600011R01  040 2005508563000109                    0403390000000093718 Contal Processamento de Dados                                                                                 000015150702202400000000                                 
7560001300001P 010403390000000093718 000054445101014     10 221              0902202400000000003830000000 02N07022024200000000000000000000100000000000000000000000000000000000000000000000000000000                         1050   090000000000 
7560001300002Q 012052730656000163MATTEUS GUSTAVO SILVA                   RUA ANTONIO JOSE DA CUNHA, 982          SERRA NEGRA    38745596PATRCINIO      MG0000000000000000                                        000                            
7560001300003R 01000000000000000000000000000000000000000000000000200000000000000000000200           7,66                                    0,13                                                       0000000000000000 000000000000  0         
7560001300004S 013 7,66 0,13SUJEITO A PROTESTO APÓS 5 DIAS DO VENCIMENTO                                                                                                                                                                        
75600015         00000600000100000000000038300000000000000000000000000000000000000000000000000000000000000000000000                                                                                                                             
75699999         000001000008000000                                                                                                                                                                                                             
