75600000         205508563000109                    0403390000000093718 Contal Processamento de Dados SICOOB                                  12302202410055600151908100000                                                                     
75600011R01  040 2005508563000109                    0403390000000093718 Contal Processamento de Dados                                                                                 000015192302202400000000                                 
7560001300001P 010403390000000093718 000054771901014     10 221              1003202400000000001700000000 02N23022024200000000000000000000100000000000000000000000000000000000000000000000000000000                         1050   090000000000 
7560001300002Q 012052539199000101ANDRE CARVALHO FELIP                    RUA JOAO BARBOSA, 1014                  MORADA DO SOL  38744584PATROCINIO     MG0000000000000000                                        000                            
7560001300003R 01000000000000000000000000000000000000000000000000200000000000000000000200           3,40                                    0,06                                                       0000000000000000 000000000000  0         
7560001300004S 013 3,40 0,06SUJEITO A PROTESTO APÓS 5 DIAS DO VENCIMENTO                                                                                                                                                                        
7560001300005P 010403390000000093718 000054772601014     10 222              1003202400000000003470000000 02N23022024200000000000000000000100000000000000000000000000000000000000000000000000000000                         1050   090000000000 
7560001300006Q 012008732556000184ASSOC DEFENSORA DOS ANIMAIS DE PATROCINIAV FARIA PERIERA  384                   CONSTANTINO    38740000PATROCINIO     MG0000000000000000                                        000                            
7560001300007R 01000000000000000000000000000000000000000000000000200000000000000000000200           6,94                                    0,12                                                       0000000000000000 000000000000  0         
7560001300008S 013 6,94 0,12SUJEITO A PROTESTO APÓS 5 DIAS DO VENCIMENTO                                                                                                                                                                        
7560001300009P 010403390000000093718 000054773301014     10 223              0503202400000000003600000000 02N23022024200000000000000000000100000000000000000000000000000000000000000000000000000000                         1050   090000000000 
7560001300010Q 012037876991000180CASA DOS REPAROS ELETRICOHIDRAULICOS LTDAV BRASIL, 2798                         NACOES         38745078PATROCINIO     MG0000000000000000                                        000                            
7560001300011R 01000000000000000000000000000000000000000000000000200000000000000000000200           7,20                                    0,12                                                       0000000000000000 000000000000  0         
7560001300012S 013 7,20 0,12SUJEITO A PROTESTO APÓS 5 DIAS DO VENCIMENTO                                                                                                                                                                        
7560001300013P 010403390000000093718 000054774001014     10 224              1003202400000000001500000000 02N23022024200000000000000000000100000000000000000000000000000000000000000000000000000000                         1050   090000000000 
7560001300014Q 011000049131605672RONAN FRANCISCO DA SILVA                FAZENDA FOLHADOS                        ZONA RURAL     38740000PATROCINIO     MG0000000000000000                                        000                            
7560001300015R 01000000000000000000000000000000000000000000000000200000000000000000000200           3,00                                    0,05                                                       0000000000000000 000000000000  0         
7560001300016S 013 3,00 0,05SUJEITO A PROTESTO APÓS 5 DIAS DO VENCIMENTO                                                                                                                                                                        
7560001300017P 010403390000000093718 000054775801014     10 225              1003202400000000001020000000 02N23022024200000000000000000000100000000000000000000000000000000000000000000000000000000                         1050   090000000000 
7560001300018Q 011000063991632691SANDRA MARIA DOS SANTSO BARBOSA         RUA MELO VIANA, 514                     MARTINS        38400376UBERLANDIA     MG0000000000000000                                        000                            
7560001300019R 01000000000000000000000000000000000000000000000000200000000000000000000200           2,04                                    0,03                                                       0000000000000000 000000000000  0         
7560001300020S 013 2,04 0,03SUJEITO A PROTESTO APÓS 5 DIAS DO VENCIMENTO                                                                                                                                                                        
7560001300021P 010403390000000093718 000054776501014     10 226              2003202400000000003965000000 02N23022024200000000000000000000100000000000000000000000000000000000000000000000000000000                         1050   090000000000 
7560001300022Q 012018329760000102VM ATACADO E DISTRIBUICAO DE FRIOS E LATRUA FURTADO DE MENEZES, 983             SAO VICENTE    38740000PATROCINIO     MG0000000000000000                                        000                            
7560001300023R 01000000000000000000000000000000000000000000000000200000000000000000000200           7,93                                    0,13                                                       0000000000000000 000000000000  0         
7560001300024S 013 7,93 0,13SUJEITO A PROTESTO APÓS 5 DIAS DO VENCIMENTO                                                                                                                                                                        
75600015         00002600000600000000000152550000000000000000000000000000000000000000000000000000000000000000000000                                                                                                                             
75699999         000001000028000000                                                                                                                                                                                                             
