75600000         205508563000109                    0403390000000093718 Contal Processamento de Dados SICOOB                                  12008202116151100105208100000                                                                     
75600011R01  040 2005508563000109                    0403390000000093718 Contal Processamento de Dados                                                                                 000010522008202100000000                                 
7560001300001P 010403390000000093718 000033484501014     10 221              2508202100000000000100000000 02N20082021200000000000000000000100000000000000000000000000000000000000000000000000000000                         1050   090000000000 
7560001300002Q 012022280713000199A TROPICAL MAT. PARA CONSTRUCAO LTDA    AV ALTINO GUIMARAES                     SAO VICENTE    38740200PATROCINIO     MG0000000000000000                                        000                            
7560001300003R 01000000000000000000000000000000000000000000000000200000000000000000000200          APÓS O VENCIMENTO MULTA DE R$ 0,20      JUROS APOS VENCIMENTO 0,00                                  0000000000000000 000000000000  0         
7560001300004S 013APÓS O VENCIMENTO MULTA DE R$ 0,20JUROS APOS VENCIMENTO 0,00SUJEITO A PROTESTO APÓS 5 DIAS DO VENCIMENTO -                                                                                                                    
75600015         00000600000100000000000001000000000000000000000000000000000000000000000000000000000000000000000000                                                                                                                             
75699999         000001000008000000                                                                                                                                                                                                             
